3120 4994
572 275 807 320 armassemus.
1206 272 1268 340 305

106 437 246 502 induxit.
283 435 442 502 Christum
463 453 585 520 quoque
605 433 643 499 de
662 435 782 516 virgine
801 431 881 498 nihil
897 432 1033 516 corporis
1048 427 1268 516 assumpsisse,

107 540 167 604 sed
184 561 244 625 per
255 559 324 604 cam
340 541 428 624 quasi
443 558 499 623 per
513 537 649 603 listulam
664 537 815 600 transisse
829 539 981 600 asserunt.
1339 530 1346 547 ’

179 643 227 707 12.
250 641 403 726 Apellitae
419 661 551 724 qnorum
564 639 692 726 Apelles
706 639 852 724 princeps
867 637 941 718 init,
956 638 1009 720 qui
1025 640 1195 702 creatorem
1209 655 1267 702 an-

107 743 216 827 gelum
230 747 336 808 nescio
352 763 446 828 quem
458 743 627 825 gloriosmn
641 742 810 827 superioris
830 739 880 806 dei
894 739 1013 804 iaciens
1026 739 1118 804 deum
1132 737 1267 820 Isratlis,

106 847 203 912 illum
217 849 342 930 igneum
357 847 527 928 affirmans,
542 846 630 927 dixit,
646 843 803 910 Christum
818 862 881 908 non
897 841 989 908 deum
1003 843 1037 906 in
1051 843 1197 924 veritate,
1212 839 1268 906 sed

72 953 90 992 ⁹
108 949 271 1016 hominem
285 949 318 1014 in
332 948 499 1034 phantasia
512 949 701 1035 apparuisse.

178 1052 227 1117 13.
248 1051 450 1116 Archontiaci
465 1072 484 1114 a
502 1051 697 1136 principibus
716 1047 928 1135 appellantur,
948 1049 1002 1132 qui
1021 1049 1268 1128 universitatem,

108 1175 207 1240 quam
222 1153 298 1218 deus
314 1153 464 1234 condidit,
480 1175 574 1238 opera
587 1173 656 1217 esse
668 1151 924 1236 archangelorum
935 1149 1117 1218 defendunt.

180 1257 228 1322 14.
251 1254 415 1321 Adamiani
429 1258 531 1321 vocati
547 1255 629 1339 quod
642 1255 746 1320 Adam
760 1256 921 1320 imitentur
935 1253 1124 1334 nuditatem,
1138 1251 1221 1318 unde
1237 1255 1269 1316 et

108 1358 190 1424 nudi
206 1365 295 1424 orant
309 1364 341 1424 et
355 1358 430 1422 nudi
444 1361 528 1424 inter
542 1378 576 1422 se
591 1378 692 1422 mares
707 1358 902 1442 feminaeque
918 1357 1116 1422 conveniunt.

179 1461 227 1525 15.
250 1460 393 1526 Cainiani
406 1460 537 1546 proinde
552 1463 598 1526 sic
614 1459 762 1546 appellati
778 1462 927 1544 quoniam
942 1458 1018 1522 Cain
1033 1457 1172 1524 adoram.

179 1565 227 1628 16.
250 1563 391 1628 Sethiani
410 1583 524 1628 nomon
546 1569 736 1648 acceperunt
754 1584 774 1628 a
793 1561 856 1628 tilio
876 1559 978 1628 Adam
998 1563 1052 1646 qui
1069 1567 1199 1626 vocatus
1220 1565 1269 1626 cst

109 1665 201 1746 Seth,
217 1665 357 1730 dicentes
373 1665 506 1730 eundem
522 1685 590 1732 csse
606 1665 772 1730 Christum.

179 1770 227 1832 17.
248 1767 542 1834 Melchisedechiaui
562 1770 664 1834 vocati
683 1789 738 1854 pro
760 1789 796 1832 oo
817 1766 899 1850 quod
914 1765 1143 1832 Melchisedech
1163 1785 1267 1830 sacer-

110 1871 219 1936 dotem
234 1869 286 1934 dei
300 1891 362 1938 non
377 1871 535 1942 hominem
549 1871 662 1952 luisse,
682 1871 737 1936 sed
752 1871 901 1942 viantem
916 1869 967 1936 dei
982 1889 1051 1934 esse
1067 1868 1267 1936 arbitrantur.

178 1971 227 2038 18.
250 1973 393 2056 Angelioi
406 1975 509 2038 vocati
524 1975 597 2058 quia
610 1973 737 2056 angelos
752 1971 867 2038 uolunt.

178 2077 228 2140 19.
250 2075 421 2160 Apostolioi
434 2075 504 2140 ideo
519 2073 576 2142 hcc
592 2075 653 2140 sibi
667 2095 781 2141 nomen
797 2079 1087 2160 praesumpserunt,
1103 2077 1176 2158 quia
1189 2074 1269 2140 nihil

109 2177 311 2264 possidentes
326 2180 484 2263 proprium
499 2198 695 2263 nequaquam
709 2179 866 2264 recipiunt
884 2199 936 2244 cos
958 2177 1011 2262 qui
1028 2177 1147 2262 aliquid
1161 2181 1194 2242 in
1209 2179 1268 2244 hoc

108 2280 230 2346 mundo
244 2287 383 2346 utuntur.

177 2383 227 2448 20.
251 2383 436 2448 Cerdoniaci
450 2404 470 2448 a
484 2383 623 2450 Cerdone
638 2381 772 2468 quodem
787 2385 955 2466 nominati,
971 2385 1024 2468 qui
1039 2381 1099 2450 duo
1113 2385 1269 2469 principia

109 2488 270 2554 contraria
283 2487 425 2552 asseruit.

176 2589 227 2653 21.
250 2589 467 2654 lllaroienistae
488 2611 507 2652 a
526 2588 681 2654 Marcione
701 2587 804 2654 Stoico
825 2585 1007 2672 philosopho
1027 2588 1192 2674 appellati,
1214 2589 1268 2672 qui

110 2689 263 2758 Cerdonis
278 2690 390 2774 dogma
403 2697 528 2756 secutus
543 2690 674 2754 alterum
689 2689 815 2771 bouum,
829 2689 961 2754 alterum
975 2693 1092 2756 iustum
1107 2691 1200 2757 deum
1216 2713 1267 2755 as·

109 2795 223 2874 seruit,
235 2799 385 2876 tanquam
400 2792 459 2858 duo
473 2793 628 2878 principia
642 2795 791 2858 creatoris
806 2797 837 2856 et
852 2791 1009 2858 bonitatis.

177 2895 227 2960 22.
249 2895 438 2978 Artotyritae
453 2894 492 2958 ab
508 2893 663 2960 oblatione
680 2894 764 2959 dieti.
786 2895 904 2960 Panem
916 2897 999 2960 enim
1011 2901 1043 2960 11
1054 2915 1180 2962 caseum
1192 2897 1267 2962 ode·

110 3005 188 3062 runt
201 2997 340 3062 dicentes
355 2996 464 3081 primis
478 2997 657 3062 hominibus
672 2996 859 3062 oblationem
879 3018 898 3062 a
915 2997 1067 3064 fructibus
1087 3005 1189 3064 terrae
1204 3005 1269 3064 111

110 3099 267 3166 fructibus
282 3102 385 3164 ovium
400 3101 495 3164 luisse
511 3098 708 3164 celebratam

177 3201 227 3265 23.
250 3201 378 3286 Aquarii
392 3201 540 3287 appellati
561 3221 596 3267 eo
618 3201 699 3287 quod
719 3221 831 3288 aquam
852 3201 950 3269 solam
970 3205 1103 3270 oderunt
1121 3205 1155 3270 in
1171 3205 1267 3270 calice

111 3307 311 3370 sacramenti.

178 3405 227 3470 24.
250 3405 421 3488 Severiani,
436 3429 455 3470 a
468 3406 584 3475 Severo
600 3409 709 3490 exorti,
723 3410 830 3474 uinum
844 3429 908 3474 non
923 3408 1050 3492 bibunt,
1065 3416 1155 3476 vetus
1169 3416 1266 3476 testa·

110 3513 256 3574 mentum
271 3514 302 3572 et
317 3511 575 3576 resurrectionem
589 3531 652 3574 non
667 3511 830 3594 recipiunt.

178 3609 229 3674 25.
252 3609 377 3676 Tatiani
390 3633 409 3676 a
424 3612 553 3678 Tatiano
570 3611 703 3696 quodam
724 3614 840 3694 vocati,
860 3614 915 3696 qui
937 3619 969 3676 11
982 3613 1160 3680 Euoratitae
1181 3615 1269 3700 dicti,

111 3715 188 3798 quia
203 3733 312 3776 carnes
326 3714 552 3779 abominantur.

127 3871 132 3880 .
178 3816 229 3880 26.
250 3814 340 3898 Alogi
360 3821 509 3882 vocantur
528 3821 676 3900 tanquam
695 3817 763 3880 eine
783 3815 887 3882 verbo.
924 3815 1028 3908 Λόγος
1047 3823 1132 3886 enim
1152 3821 1267 3888 Graece

111 3917 245 3986 verbnm
260 3917 381 3984 dicitur.
402 3917 503 3982 Deum
518 3921 602 3984 enim
612 3917 742 3984 verbum
753 3939 816 3986 nou
828 3917 968 4002 eredunt,
982 3929 1165 4008 respuentes
1175 3925 1266 3992 loan-

111 4023 164 4085 nis
180 4019 377 4102 evangelium
392 4027 424 4086 11
436 4020 666 4106 Apocalypsim.

178 4123 229 4186 27.
252 4121 455 4209 Cataphrygis
470 4143 582 4188 nomen
597 4123 756 4208 provincia
768 4124 903 4207 Phrygia
917 4125 1013 4206 dedit,
1028 4129 1101 4210 qnia
1110 4128 1155 4193 ibi
1170 4131 1266 4195 exsti-

111 4231 222 4290 terunt
235 4231 376 4290 auctores
391 4247 498 4290 eorum
511 4225 688 4308 Montanus,
701 4225 809 4290 Prisca
829 4232 861 4289 11
873 4225 1052 4292 Maximilla.
1088 4229 1129 4295 Hi
1149 4231 1266 4297 adven·

112 4335 182 4394 tum
197 4329 325 4413 spiritns
340 4329 440 4392 sancti
455 4349 517 4394 non
532 4330 564 4394 in
579 4326 739 4414 apostolis,
754 4329 809 4393 sed
824 4331 857 4392 in
872 4349 906 4394 sc
921 4327 1071 4396 traditum
1085 4341 1238 4400 asserunt
1355 4313 1358 4322 ’

178 4430 229 4498 28.
254 4430 379 4496 Cathari
392 4437 518 4518 propter
532 4431 718 4498 munditiam
730 4433 776 4496 ita
790 4451 823 4494 sc
838 4433 1085 4498 nominaverunt.
1124 4437 1265 4504 Glorian-

112 4541 164 4598 tes
180 4536 263 4600 enim
279 4534 318 4600 de
333 4535 398 4600 suis
412 4533 532 4602 meritis
547 4539 662 4618 negant
676 4533 907 4620 paenitentibus
920 4538 1045 4604 veniam
1057 4545 1270 4628 peccatorum,

1034 4638 1069 4693 20
