3100 4980
268 295 329 364 θθθ

269 451 371 504 debetur
386 451 442 504 sola
454 469 539 519 poena
552 453 651 502 damni.-
675 451 767 520 absque
784 452 837 503 ullo
849 469 935 520 poeno
949 469 1049 514 saetosus,¹
1066 459 1090 504 et
1105 455 1149 503 isti
1165 451 1316 503 ἀίσσόαιιειιι·
1333 468 1388 504 esse
1403 455 1431 504 is

269 519 342 572 limbo
350 529 469 588 potrum:
481 523 524 589 qni
531 518 733 588 probibebantur
744 529 803 572 aare
811 524 956 589 passionem
969 518 1066 572 Christi
1077 539 1095 571 a
1107 522 1201 572 visione
1213 521 1312 582 divina,
1325 538 1353 572 eo
1364 523 1433 588 quas

267 605 315 640 non
328 596 384 640 erat
393 591 553 656 satiffoetum
562 606 612 656 pro
621 596 728 656 peceato
741 591 816 640 totius
827 598 943 649 naturae,
956 591 1070 657 quomens
1081 587 1109 638 la
1120 605 1168 640 ιιοιι
1177 596 1257 639 essent
1267 589 1370 640 obnoxii
1382 590 1432 640 ali-

268 661 310 708 ουκ·
318 674 417 724 poem
425 675 474 724 pro
485 660 600 721 pereatis
610 659 663 708 sais
672 656 856 736 personalibus.
873 655 990 708 Viderint
998 653 1126 708 Pontifioii
1135 655 1356 725 quemadmodum
1367 655 1432 710 bsee

266 723 393 794 figmenta
399 724 547 779 defendent.
566 723 619 776 Nos
627 727 682 794 (qur
694 722 758 776 nihil
770 725 916 794 probamus,
929 725 980 777 nisi
989 723 1057 794 quod
1070 724 1275 776 ecclesiasticum
1288 733 1337 786 eet,
1349 726 1431 794 quod·

267 809 317 862 qus
329 794 459 863 conspiret
470 808 616 862 germanae,
630 793 724 861 etipse
737 808 799 846 sero
812 800 936 862 pronatae
948 791 1121 863 propheticas,
1133 793 1343 872 apostolicaeque
1355 810 1430 863 para·

266 863 349 929 torae)
361 862 492 914 malumus
508 861 624 914 dubitare
641 860 672 913 de
684 859 799 923 occultis,
817 875 895 942 qnam
911 861 1013 932 litigare
1026 861 1056 913 de
1069 861 1181 925 incertis,
1197 861 1291 914 melios
1306 862 1430 915 ducentes

266 930 293 984 in
307 931 457 983 inscientiae
473 929 569 982 linibus
586 936 663 998 atque
675 929 687 956 “
699 930 861 998 ignorantiae
877 946 1035 999 permanere,
1053 929 1256 999 simpliciterque
1271 930 1431 1000 imperitiam

266 997 391 1062 confiteri,
422 997 614 1052 naminerndita
622 999 775 1060 temeritate,
787 998 993 1051 sinedirinarunr
1005 999 1158 1068 scriptoram
1171 999 1332 1064 auctoritate,
1345 1015 1431 1068 nugas

267 1067 348 1120 aniles
366 1074 392 1119 et
403 1015 525 1120 bubulosa
537 1067 653 1136 gentium
667 1066 791 1146 dogmate
808 1068 857 1119 sub
869 1068 975 1120 nomine
988 1065 1132 1119 Christiano
1148 1068 1176 1119 in
1188 1067 1325 1120 ecelesiam
1338 1067 1382 1121 dei
1393 1069 1431 1122 iu·

265 1135 408 1190 trodueare.
435 1135 607 1198 Tertullianus
619 1135 651 1188 de
663 1150 751 1188 anima
762 1151 784 1187 o.
797 1133 815 1186 Ι.
828 1141 855 1187 et
865 1135 896 1189 ll.
914 1135 1088 1203 Hieronymus
1100 1133 1132 1186 ad
1144 1134 1280 1188 Hedibiam
1292 1152 1306 1188 e
1326 1136 1368 1190 ist.
1382 1135 1430 1190 CL.

266 1204 413 1326 ppaevspilll.
426 1203 539 1323 θολγγθθ.
568 1205 730 1274 Augustinus
747 1203 780 1257 ad
798 1202 921 1274 Optatam
933 1205 1007 1273 epist.
1022 1202 1117 1258 CLVII.
1130 1203 1162 1256 de
1175 1201 1271 1257 Genesi
1328 1205 1430 1258 literam

277 1289 286 1326 ι
306 1312 311 1325 .
385 1287 435 1327 ,σο
455 1312 460 1324 .
497 1312 503 1324 .

319 1343 355 1395 Ga
374 1340 439 1394 nx
470 1340 514 1394 IX.
524 1371 557 1382 -
574 1340 637 1394 Post
648 1341 826 1394 ascensionem
838 1340 936 1394 domini
947 1340 1074 1394 adoaelos
1084 1340 1200 1394 emnium
1210 1345 1365 1395 sanctorum
1375 1343 1432 1395 ani-

268 1425 327 1465 mae
339 1357 372 1462 ab
384 1407 514 1463 Christum
526 1408 636 1475 vadunt]
653 1409 766 1462 Isidorus
778 1409 922 1480 Hispalam.
934 1415 1044 1462 sentent.
1055 1409 1100 1462 lib.
1111 1407 1130 1462 1.
1144 1425 1199 1480 rap.
1212 1408 1281 1463 xlv.
1299 1409 1395 1462 Sancti
1402 1429 1432 1463 es

268 1485 375 1548 ternpore
387 1481 580 1530 resurrectionis
592 1477 689 1528 Christi
705 1482 791 1529 statim
806 1489 834 1528 ret
845 1479 876 1530 de
890 1495 998 1546 corpore
1010 1486 1105 1540 σκευαί,
1117 1495 1174 1529 πνοι
1190 1480 1227 1530 ad
1238 1479 1373 1530 coelestem
1385 1478 1431 1531 ba·

268 1547 413 1599 bt'tats'onem
426 1548 571 1609 asceredant,
589 1547 657 1616 qued
672 1549 782 1615 antiquis
795 1546 915 1614 patribus
931 1563 980 1598 troo
991 1546 1111 1600 derbotur.
1141 1545 1210 1598 Nam
1223 1555 1283 1598 arete
1295 1548 1431 1599 amentem

177 1623 186 1630 ‘
267 1616 413 1680 saluatoris,
426 1618 598 1680 qnamrn'sm'ne
601 1632 684 1683 poeno
690 1615 819 1682 supplicii,
833 1623 915 1666 tomen
927 1631 974 1666 non
986 1618 1014 1666 e'n
1026 1615 1106 1676 eaelo,
1119 1616 1164 1666 sed
1175 1619 1201 1664 r'n
1212 1617 1315 1682 inferne
1326 1625 1429 1668 saneto

267 1701 321 1735 rum
340 1687 441 1735 animae
458 1683 618 1746 tenebantur,
669 1683 786 1752 operibus
803 1682 961 1734 absolvendis
977 1684 1091 1734 dominus
1107 1687 1134 1733 e'n
1149 1687 1274 1751 infernum
1292 1685 1432 1739 descendit.

268 1749 409 1836 Gregorius
421 1749 540 1806 Nazianz.
554 1757 617 1833 orat.
642 1751 732 1804 unabri
743 1751 771 1803 iu
782 1749 884 1803 laudem
897 1750 1010 1803 Caesarii
1021 1749 1163 1836 fratrisfol.
1180 1749 1233 1804 173.
1256 1749 1379 1870 Πείθομαι
1389 1769 1432 1804 σο-

268 1837 321 1906 pepe
337 1818 421 1890 λόγοις
438 1816 475 1871 ότι
491 1819 543 1902 «pop
575 1836 643 1906 πασμ
659 1818 723 1914 salpi
735 1835 761 1870 τε
777 1818 818 1870 καί
834 1817 959 1924 θεοφιλὴς,
972 1815 1066 1872 tarinae
1083 1817 1312 1924 τουγσυνδεδιμένου
1347 1820 1431 1922 melas

268 1884 557 2026 {ibissbbbssfii
574 1884 829 2015 alteritate?
841 1885 1051 2024 ditabit-tlt}
1064 1885 1431 2022 l‘tlttta‘ssl‘lttt‘il

267 2021 290 2104 ό,
297 2041 319 2076 τι
331 2023 371 2075 καλ
377 2021 454 2094 λέγειν
462 2022 519 2094 χρὴ,
532 2023 666 2094 θαυμασίαν
679 2022 731 2076 τινὰ
742 2021 830 2090 ἡδονὴν
842 2021 933 2092 ἥδεται,
946 2023 986 2076 καλ
995 2019 1135 2094 οἰγίιλλιται,
1148 2021 1268 2083 καίῖλιως
1277 2027 1358 2094 χωρεῖ
1370 2025 1431 2094 πρὸς

267 2109 309 2144 ταν
322 2089 406 2158 ίαυτῆς
419 2091 547 2174 δεσπότην,
554 2091 633 2162 ὥςπερ
646 2109 668 2144 τι
680 2092 845 2163 δεσμωτήριον
857 2089 968 2162 χαλεπδν
978 2089 1019 2142 τὀν
1032 2089 1134 2143 ἐνταῦθα
1144 2089 1195 2160 βίον
1205 2089 1379 2161 ἀποφυγοῦσα,
1391 2091 1432 2144 sol

267 2159 309 2221 τὰς
330 2177 419 2229 περυιει
439 2161 492 2221 ἕνας
513 2160 690 2230 αποσεισαμίνη
711 2160 798 2228 πέδας,
820 2158 859 2242 bp’
881 2152 915 2210 ebe
932 2159 961 2211 ιδ
980 2163 1021 2226 τῆς
1043 2159 1149 2220 διανοίας
1169 2159 1257 2220 πτερδν
1279 2159 1429 2214 sensuam.

267 2227 313 2282 llal
331 2221 381 2280 υίον
397 2179 444 2295 ibn
461 2233 490 2298 νῇ
522 2228 623 2299 αντασίηι
635 2233 771 2312 καρποῦται
783 2226 825 2296 τὴν
838 2227 996 2296 αποκειμίνην
1014 2229 1189 2298 μακαριότητα.
1212 2227 1307 2298 Μικρὸν
1323 2227 1348 2280 δ’
1360 2229 1431 2281 bore-

268 2315 310 2418 ρρν
323 2297 362 2348 καί
373 2296 402 2348 rb
416 2247 528 2367 συγγενίς
541 2297 641 2367 σαρκίον
659 2296 820 2364 απολαβοῦσιι
837 2289 891 2347 ὦτα
909 2294 997 2348 ἐκεῖθεν
1014 2295 1235 2416 συνιμλυσόρησε,
1251 2296 1319 2365 παρὰ
1335 2301 1379 2364 τῆς
1391 2297 1431 2350 καὶ

299 2365 357 2431 bone
373 2365 413 2416 καί
429 2365 591 2430 πιστευθείσης
625 2369 665 2432 ”ς,
682 2367 773 2434 τρόπον
790 2363 818 2416 be
835 2357 894 2416 είδιν
913 2361 926 2416 b
942 2369 1019 2416 ταῦτα
1031 2382 1073 2416 συν
1090 2365 1164 2432 deae,
1182 2364 1222 2416 sal
1236 2363 1356 2426 διαλύσας
1369 2366 1430 2432 θεὸς,

267 2434 348 2486 τούτω
361 2431 555 2504 συγκληρυνσμεῖ
572 2437 613 2499 τῆς
644 2433 717 2485 κεῖθεν
737 2433 816 2499 δόξης.
844 2431 890 2484 Kal
903 2430 1010 2502 καθίπερ
1022 2435 1071 2484 τῶν
1084 2451 1117 2503 μο
1138 2433 1218 2502 θηρῶν
1237 2432 1313 2486 αὐτοῦ
1326 2434 1430 2522 μετίσγε

268 2500 308 2556 διὰ
319 2487 361 2568 ube
374 2497 504 2572 συμρυίιιν,
517 2501 584 2554 οὕτω
596 2501 636 2552 καί
648 2504 697 2553 τῶν
709 2504 817 2570 τερπνῶν
830 2499 914 2567 ἑαυτῆς
946 2501 1100 2570 aetianae,
1118 2451 1177 2553 bles
1189 2498 1220 2562 είς
1233 2499 1319 2567 ἑαυτὴν
1332 2499 1431 2555 ἀναλυ-

267 2588 341 2638 σασα,
354 2569 394 2622 καί
406 2570 521 2641 γενομένη
534 2571 578 2621 obv
590 2569 672 2641 τούτῳ
684 2569 708 2622 ἓν
721 2569 761 2622 καλ
777 2573 884 2639 πνεῦμα,
902 2520 945 2622 καλ
959 2574 1027 2634 νοῦς,
1045 2567 1085 2622 καί
1102 2569 1166 2638 θεδς,
1184 2569 1366 2632 καταποθέντος
1383 2570 1429 2623 ιἰπδ

267 2642 309 2708 τῆς
321 2640 386 2706 ζωῆς
398 2642 442 2690 τοῦ
455 2639 542 2704 θνητοῦ
554 2655 579 2690 re
591 2637 632 2690 real
644 2637 748 2708 ῥέοντος.
786 2637 815 2691 ld
827 2644 878 2691 esta
895 2637 1043 2708 Sapientem
1058 2639 1140 2690 verbis
1151 2641 1267 2692 adducor
1277 2649 1306 2690 at
1316 2642 1431 2702 credam,

261 2708 401 2779 poletrum
412 2726 506 2761 eruerem
518 2711 627 2760 unimam
641 2709 718 2760 etdeo
728 2707 843 2770 oboram,
851 2716 1015 2777 posteaquam
1025 2712 1141 2775 eorporis
1148 2709 1256 2759 viriculis
1263 2709 1358 2772 solnta,
1371 2709 1430 2762 bino

268 2780 409 2840 excesserit,
417 2781 537 2846 protinus
549 2777 643 2839 bonam,
660 2777 725 2846 qnod
740 2793 796 2828 eam
809 2786 898 2839 maeret,
911 2779 1103 2845 persentientem
1115 2786 1139 2828 et
1155 2777 1370 2845 contemplantem,
1383 2783 1430 2845 (ut-

263 2854 325 2916 pote
337 2863 373 2908 en,
390 2847 457 2915 quod
468 2845 584 2897 tenebras
595 2845 746 2914 offundebat,
764 2845 804 2896 eei
811 2853 931 2914 perpete,
944 2845 985 2896 oel
996 2845 1115 2913 deposito,
1132 2845 1178 2906 rel,
1196 2861 1243 2912 quo
1257 2846 1333 2897 uerbo
1345 2863 1378 2898 ea
1390 2863 1431 2899 ree

268 2914 425 2984 appellanda
437 2917 471 2965 sit
482 2917 576 2978 neseio)
589 2914 703 2965 mirabili
714 2913 821 2982 quadam
832 2915 960 2982 uoluptate
972 2915 1044 2980 affici
1052 2921 1077 2964 et
1085 2913 1205 2975 exultare,
1219 2921 1294 2982 atque
1305 2911 1359 2966 bne
1369 2920 1429 2976 mlo,

268 2991 388 3052 &alequam
398 2986 477 3049 praei
487 2983 594 3052 quodam
605 2983 732 3048 ergastulo
741 2981 883 3044 liberatam,
894 2981 1099 3050 romnede'bnsqne
1106 2981 1166 3044 stlte,
1175 2983 1263 3049 ριιίόιιι
1272 2983 1362 3034 meretis
1372 2985 1430 3036 aloe

269 3051 473 3120 deprimebantur
485 3052 599 3112 solutam,
618 3067 713 3102 samnia
730 3067 783 3101 snm
797 3047 930 3102 letaniae
945 3051 982 3101 od
993 3051 1115 3100 dominnm
1127 3067 1197 3100 serum
1209 3051 1325 3114 tendere,
1341 3067 1377 3104 σο
1391 3068 1430 3104 re·

268 3120 395 3172 eonditum
404 3119 581 3170 beatitudinem
590 3122 641 3170 iam
651 3119 718 3169 uelat
720 3137 770 3187 per
779 3122 912 3186 imaginem
923 3127 947 3170 et
953 3119 1116 3170 &mainerum
1126 3121 1274 3186 percepere.-
1282 3129 1343 3187 post
1354 3125 1431 3172 etiam

268 3188 410 3257 aliquanto,
423 3204 478 3238 enm
491 3195 624 3254 repentem
637 3203 739 3238 carerem
752 3205 769 3238 α
782 3196 852 3239 terra
865 3204 929 3256 quae
940 3195 965 3238 et
975 3183 1092 3248 dederat,
1111 3194 1136 3236 et
1150 3190 1177 3236 r'n
1194 3188 1266 3246 fidem
1283 3199 1429 3257 acceperat,

267 3258 399 3325 receperit,
411 3255 490 3325 (qnod
499 3257 617 3324 quornodo
623 3256 671 3322 fiet
680 3258 704 3306 is
716 3259 790 3317 norit,
802 3258 845 3324 qni
856 3273 887 3306 ea
899 3259 1002 3307 interae
1014 3257 1145 3305 carriesnm't
1155 3263 1229 3324 atque
1241 3255 1369 3320 dissoluit)
1382 3267 1430 3309 tuse
1533 3281 1534 3304 ι

269 3325 363 3378 demum
376 3341 431 3376 eam
443 3339 535 3393 qnoque
547 3325 584 3376 od
593 3325 692 3391 ateriae
704 3324 821 3375 eoelestis
832 3323 1014 3376 hoereditatem
1025 3339 1108 3374 seeum
1120 3324 1297 3386 adna'seuram,
1314 3335 1339 3377 et
1349 3342 1431 3394 quens·

268 3394 400 3446 admodum
413 3391 442 3444 ab
452 3401 560 3444 naturae
570 3395 767 3444 contemnentem
779 3409 957 3443 aerumnarum
965 3395 1045 3459 ι’μνίυν
1052 3395 1293 3460 partit-epesuerut,
1304 3396 1345 3444 sie·
1354 3397 1430 3446 etiam

267 3463 438 3514 immeditatos
453 3477 514 3512 suos
530 3478 584 3512 oum
600 3463 659 3529 ipso
672 3465 924 3523 oonrmum'oonrram,
941 3468 1015 3511 totum
1032 3461 1150 3511 videlicet
1165 3476 1256 3528 eorpus
1271 3463 1299 3511 s'n
1310 3477 1339 3512 se
1349 3465 1430 3532 speses

269 3530 442 3591 absumentem,
453 3537 479 3580 et
490 3547 544 3580 eum
557 3545 585 3580 eo
593 3546 666 3578 ernam
679 3531 800 3598 effectam,
813 3537 838 3580 et
847 3532 963 3597 spiritam
975 3536 1001 3578 et
1010 3537 1119 3589 eneutem,
1133 3537 1157 3578 et
1167 3529 1245 3590 denen,
1259 3529 1381 3599 absorpto
1393 3534 1429 3581 κί-
1533 3571 1534 3576 ,

268 3602 356 3650 mirum
370 3617 386 3648 a
398 3601 452 3650 re'ta
464 3615 500 3659 eo,
512 3599 577 3665 qnod
589 3599 693 3648 mortale
706 3607 730 3649 et
741 3599 864 3650 nodorum
876 3605 940 3648 erat.
969 3595 1049 3648 Valde
1064 3595 1188 3665 frigidum
1201 3603 1227 3648 et
1242 3595 1367 3651 frivolum
1383 3604 1429 3663 est,

267 3665 336 3788 pund
350 3664 491 3735 Gregorius
503 3666 616 3734 Magnus
629 3665 724 3734 dialog.
736 3665 780 3717 llb.
793 3663 835 3716 IV.
849 3664 961 3718 mxxv.
969 3671 994 3716 et
1003 3663 1075 3716 Beda
1086 3663 1220 3718 torn.Vlll.
1232 3665 1259 3717 in
1271 3665 1316 3718 lib.
1330 3673 1429 3786 posset

280 3735 313 3790 ol.
327 3733 385 3787 lot.
397 3751 450 3787 non
463 3734 583 3786 omnibus
596 3733 682 3796 iustis,
695 3732 741 3786 sed
753 3737 867 3801 perferte
878 3737 951 3786 ιἰιιιίι
963 3731 1011 3784 hoo
1024 3732 1179 3786 beneficium
1191 3733 1318 3786 tributam
1350 3737 1427 3790 ierunt

269 3803 332 3867 Quis
342 3802 409 3856 enim
420 3803 513 3871 poterit
524 3802 637 3872 perfecta
648 3803 732 3854 iustus
744 3817 801 3854 essa
812 3802 840 3854 in
851 3799 899 3853 hoo
912 3801 1073 3864 mortalitate,
1086 3802 1129 3853 ιιόι·
1140 3819 1203 3854 caro
1215 3807 1375 3871 ιοιιιιιρίιιιι
1385 3805 1429 3858 ad·

268 3889 355 3924 nerem
366 3875 490 3952 spiritum,
502 3875 609 3940 spiritus
621 3879 701 3922 antem
715 3873 837 3922 adeersua
848 3887 958 3923 carerem.
977 3870 1108 3922 Macarius
1120 3867 1207 3922 homil.
1219 3869 1285 3924 VIII.
1293 3887 1360 3990 pag.
1375 3871 1429 3926 106.

268 3941 407 4010 Angustia.
420 3938 451 3991 de
480 3945 626 3992 eeoatorom
638 3939 737 3990 meritis
753 3945 779 3990 et
789 3939 940 3990 remissione
957 3943 1046 3992 eontra
1057 3937 1118 3990 Pela
1139 3939 1211 3991 'anos
1223 3937 1267 3991 lib.
1281 3939 1290 3990 l
1305 3979 1310 3990 .
1324 3955 1348 3992 o.
1361 3939 1429 3993 XIII

270 4007 366 4062 Gontra
377 3955 513 4077 epistobam
525 4007 688 4060 Parmeniani
701 4007 744 4060 lib.
757 4005 788 4058 11.
800 4022 855 4076 rap.
869 4006 921 4058 VII.
948 4005 1095 4058 Lactantius
1108 3953 1151 4058 [bb.
1164 4005 1206 4060 Vl.
1218 4023 1275 4076 esp.
1289 4007 1348 4061 XV.
1371 4009 1428 4062 Ilie-

269 4093 369 4145 ronym.
383 4077 409 4128 in
422 4075 515 4128 Psalm.
528 4075 617 4128 CXIV.
631 4075 674 4128 Iol.
690 4075 743 4127 150.
775 4075 806 4126 In
819 4079 952 4144 praesenti
967 4077 1049 4126 secrato
1062 4080 1193 4144 perfeotm
1204 4080 1284 4126 ιἰιιιυι
1295 4094 1366 4130 neme
1378 4095 1429 4129 esee

265 4154 355 4215 potest,
368 4161 442 4212 neque
457 4145 552 4205 Dauid,
565 4162 640 4212 neque
653 4145 768 4211 aposloli,
781 4161 811 4194 ne
845 4161 857 4194 e
869 4143 962 4212 ale'qne's
973 4153 1124 4196 senriorem.

319 4212 486 4266 Peccatornm
495 4213 596 4264 arrImae
608 4213 635 4264 in
646 4210 758 4278 inferno]
775 4211 811 4266 Fa
830 4211 900 4263 ulam
912 4209 1121 4281 πυρκαθαριηρίου
1131 4225 1209 4284 qnam
1219 4211 1352 4284 sophistae
1362 4229 1428 4267 rere·

269 4281 341 4334 hrosi
358 4281 449 4334 aeriter
461 4283 488 4333 in
503 4281 558 4332 sois
570 4281 671 4350 seriptis
688 4287 788 4350 urgent,
809 4277 858 4332 hoo
874 4279 930 4332 loeo
951 4281 1056 4332 omnino
1074 4283 1165 4332 evertit
1188 4279 1348 4346 Gennadius,
1365 4282 1428 4335 duas

270 4349 397 4402 duntaxat
408 4347 580 4401 habitationes
593 4347 675 4416 (omni
687 4347 772 4400 medio
784 4355 810 4399 et
821 4348 894 4400 tertio
907 4348 964 4400 loco
976 4349 1094 4412 excluso)
1107 4365 1234 4414 asserens,
1251 4349 1284 4402 ad
1293 4363 1362 4472 guas
1374 4351 1429 4404 ani·

271 4417 485 4485 maerorporibus
495 4416 613 4469 humanis
624 4422 725 4480 exutae,
734 4417 962 4486 migrant,caelum
971 4417 1093 4470 nimirum
1102 4425 1128 4469 et
1136 4418 1274 4472 internum.
1318 4419 1427 4474 ennena

326 4563 344 4615 ⁸)
358 4564 435 4607 umus
448 4571 481 4608 ast
493 4568 551 4608 enlm
563 4569 648 4609 amatre
661 4579 724 4620 qoem
738 4579 817 4612 errare.
842 4569 954 4621 Ausustlrr.
969 4569 994 4612 Iu
1007 4571 1080 4612 lousa
1093 4573 1156 4612 treet.
1169 4568 1199 4611 tl.
