3120 4994
293 263 356 330 313
829 267 914 312 racnr

293 417 425 506 nuptiali
447 420 530 486 coitu
549 421 647 488 fuisse
668 381 864 510 conceptum.
901 423 1016 492 Contra
1033 425 1092 492 hos
1112 428 1239 512 scripsit
1252 425 1438 494 'Audentius

292 525 449 609 Hispanus
465 527 637 611 episcopus.

118 641 168 694 ean
182 643 276 684 ruva.
355 627 541 694 Eunomiani
558 629 597 694 ab
608 629 907 716 Eunomioquodanr
919 631 1091 716 dialectico,
1106 633 1206 698 ¹Aitii
1218 633 1381 720 discipulo,
1391 653 1442 699 no·

293 831 403 900 dicunt
417 835 512 900 etium
526 833 648 901 nullum
661 837 809 922 imputari
828 844 992 923 peccatum
1010 840 1044 904 in
1064 839 1125 904 lide
1144 843 1350 906 manentium
1386 841 1443 904 Re·

292 935 488 1022 spondemmt
502 939 548 1006 eis
562 937 785 1026 ³Apollinaris,
798 938 966 1026 Didymus,
979 940 1116 1008 Basilius
1131 942 1356 1026 Caesariensis,
1372 944 1443 1010 Gre·

291 1043 395 1122 gorius
409 1041 642 1110 ‘Nazianzenus
658 1048 689 1106 et
704 1044 869 1127 Gregorius
883 1043 1055 1128 Nyssenus.

105 1153 155 1206 can·
168 1155 274 1198 xxxva
352 1143 597 1229 Apollinaristae
619 1147 658 1210 ab
680 1145 855 1232 Apollinari
876 1153 950 1212 suut
972 1146 1094 1230 vocati,
1122 1147 1263 1212 dicentes
1290 1147 1444 1214 Christum

291 1267 402 1332 corpus
424 1249 641 1316 tantummodo
665 1253 734 1316 sine
756 1251 862 1315 anima
883 1253 1068 1336 suscepisse.
1109 1250 1166 1316 llis
1189 1271 1311 1336 quoque
1333 1251 1445 1317 restitit

289 1349 492 1434 Augustinus.

91 1461 140 1515 vus
153 1463 271 1506 xxxvm·
353 1453 661 1539 ¹Metangismonitae
688 1455 759 1522 ideo
780 1455 850 1522 tale
868 1477 983 1522 nomen
1008 1461 1213 1543 acceperuut,
1239 1458 1313 1542 quia
1338 1453 1444 1548 2ιἰγγις

291 1557 407 1624 Craece
422 1579 478 1623 ves
494 1558 616 1626 dicitur.
651 1559 807 1626 Asserunt
826 1561 911 1626 enlm
930 1561 976 1626 sic
995 1562 1029 1626 in
1047 1566 1135 1646 patre
1155 1579 1223 1625 esse
1243 1559 1358 1644 filium,
1378 1567 1443 1626 tan·

289 1679 385 1746 quam
398 1681 454 1726 vas
468 1663 572 1728 minus
587 1663 685 1726 intrat
697 1665 809 1728 maius.

113 1769 164 1824 cap.
178 1771 272 1814 xxm·
351 1763 522 1830 Patriciani
541 1786 561 1830 a
581 1765 718 1850 quodam
734 1765 870 1832 Patricio
890 1765 1044 1830 nominati
1057 1771 1146 1848 sunt,
1165 1769 1219 1850 qui
1238 1766 1445 1842 substantiam

288 1866 444 1934 humanae
460 1870 562 1932 carnis
578 1889 597 1933 a
612 1867 734 1934 diabolo
750 1866 906 1934 conditam
923 1889 992 1934 esse
1008 1867 1125 1934 dicunt.

163 1993 214 2048 aas
228 1995 272 2038 xc.
353 1970 548 2036 ¹Coluthiani
562 1991 582 2056 a
596 1971 730 2056 quodam
745 1969 875 2036 Colutho
891 1969 982 2054 dicti,
1005 1971 1059 2056 qui
1080 1969 1189 2036 dicunt
1208 1971 1301 2038 deum
1320 1993 1388 2040 non
1400 1973 1442 2038 ia·

290 2073 461 2156 coronale,
477 2073 669 2140 contraillud
678 2073 761 2160 quod
773 2075 994 2160 scriptumest„
1002 2073 1066 2158 Ego
1079 2073 1221 2140 dominus
1233 2095 1343 2142 creans
1355 2075 1443 2142 mala

153 2199 203 2251 aaa
217 2201 271 2242 rna
351 2176 488 2242 Floriani
503 2175 677 2259 aFlorino,¹
695 2177 749 2262 qui
769 2197 786 2242 e
807 2179 961 2242 contrario
981 2175 1091 2242 dicunt
1109 2175 1203 2244 deum
1217 2197 1339 2244 creasse
1354 2177 1444 2260 mula,

289 2285 398 2344 contra
412 2278 445 2344 id
460 2279 542 2366 quod
557 2282 709 2365 scriptum
723 2285 781 2362 est,
795 2279 882 2344 Fecit
897 2279 1040 2346 dominus
1055 2281 1160 2346 omnia
1173 2279 1265 2346 bona

140 2403 190 2455 cap.
204 2405 271 2447 ιιιι.
351 2383 626 2450 Circumcelliones
643 2383 720 2450 dicti
735 2381 818 2468 quod
833 2387 970 2466 agrestes
985 2382 1064 2466 siut,
1085 2403 1162 2468 quos
1178 2381 1382 2470 Cothopithas
1397 2383 1442 2448 di·
1543 2455 1544 2468 ἶ

272 2491 275 2495 ’
289 2491 371 2552 cunt.
394 2487 437 2550 Hi
452 2507 556 2554 amore
570 2486 714 2572 martyrii
728 2487 915 2577 semetipsos
929 2487 1101 2572 perimunt,
1116 2493 1151 2550 nt
1164 2484 1317 2551 violenter
1332 2485 1372 2551 de
1386 2486 1443 2552 hac

287 2591 352 2656 vita
366 2587 565 2656 discedentes
579 2597 733 2675 martyres
748 2590 957 2655 nominentur.
993 2587 1058 2654 Hos
1074 2607 1196 2674 quoque
1211 2609 1304 2675 saepe
1320 2588 1446 2674 sugdlat

285 2693 489 2776 Augustinus.

128 2797 178 2849 ⁰¹1¹·
192 2797 272 2840 ¹1⁴¹11·
348 2795 533 2880 Boncsiani‚
552 2794 720 2881 aquodam
734 2793 856 2862 Bonoso
873 2795 1018 2881 episcopo
1035 2796 1150 2878 exorti,
1170 2793 1328 2858 Christum
1344 2794 1445 2860 lilium

287 2898 337 2964 dei
357 2899 555 2984 adoptivum,
574 2919 638 2964 non
658 2901 833 2985 proprium,
853 2903 1005 2964 asserunt.
1041 2897 1126 2962 Haec
1145 2897 1283 2962 haeresis
1304 2903 1444 2983 temporo
1543 2929 1544 2956 1

286 2999 391 3085 Magni
404 2999 513 3067 Karoli
531 3021 550 3065 a
569 3001 704 3086 quodam
717 2999 818 3066 Felice
832 2999 972 3086 Hispano
992 3001 1137 3086 episcopo
1156 3001 1343 3064 resuscitata
1363 2999 1444 3065 1111-

285 3103 429 3169 tiabcnae
444 3103 574 3169 collecta
587 3105 705 3188 synodo
720 3109 769 3169 est
783 3103 939 3169 damnata.

127 3221 177 3274 ⁰⁸12·
191 3223 268 3268 rma.
348 3205 604 3272 Priscillianistae
620 3227 639 3271 a
653 3207 787 3291 quodam
798 3205 992 3272 Priscilliano
1008 3206 1120 3288 vocati,
1133 3205 1185 3291 qui
1196 3205 1230 3269 in
1240 3205 1394 3291 Hispania
1405 3225 1445 3268 ex

284 3329 387 3376 errore
408 3311 628 3376 Gnosticorum
647 3315 680 3374 et
697 3307 953 3375 Manichaeorum
971 3309 1160 3394 permixtum
1182 3307 1293 3391 dogma
1315 3328 1445 3394 compo·

284 3414 356 3477 suit.
394 3412 509 3480 Contra
529 3433 606 3498 quos
625 3412 762 3497 loquitur
781 3412 892 3479 beatus
912 3431 994 3497 papa
1009 3411 1174 3494 Gregorius
1193 3409 1228 3474 iu
1244 3407 1390 3475 ¹homilia
1403 3409 1445 3476 de
1543 3497 1544 3506 ἵ

283 3515 466 3602 Epiphania.

138 3633 188 3686 osa.
202 3633 266 3678 xcv.
346 3619 535 3684 Luciferiani
550 3639 569 3684 a
584 3617 718 3702 quodam
732 3617 875 3684 Lucifero
890 3619 1036 3704 episcopo
1052 3615 1128 3680 dicti
1143 3621 1228 3681 sunt.
1263 3615 1304 3680 Hi
1319 3619 1447 3702 episco-
1543 3701 1544 3706 ἵ

283 3741 340 3806 pos
355 3720 541 3804 catholicos,
555 3723 610 3805 qui
625 3720 704 3788 dolis
719 3721 924 3787 ¹Arianorum
939 3719 1142 3786 circumventi
1155 3717 1350 3784 Arimmensi
1365 3739 1444 3786 con-

283 3823 355 3890 cilio
370 3823 636 3910 subscripserunt,
656 3830 689 3888 et
706 3829 817 3908 postea
836 3823 970 3889 correcti
989 3821 1093 3888 radiae
1105 3823 1140 3886 in
1155 3819 1340 3888 catholicam
1353 3819 1443 3887 dels-

311 3983 316 3990 .
349 4025 373 4080 2.
391 4026 430 4096 Cf.
451 4029 566 4080 Cenncd.
590 4025 630 4080 De
653 4025 723 4080 Varia
740 4025 963 4098 lucae.cap.1t.
1543 4085 1544 4090 ¹

349 4111 411 4234 Cap.
422 4112 547 4168 XXXVI.
559 4143 592 4152 -
612 4112 634 4166 1.
652 4113 697 4166 etii
714 4115 787 4166 codd.
839 4113 862 4166 2.
881 4129 1000 4166 asserem
1017 4113 1089 4166 codd.
1141 4107 1166 4164 3.
1183 4110 1359 4182 appollinaris.
1377 4109 1442 4164 didi·

281 4195 339 4233 mus
352 4198 380 4232 co

348 4265 410 4336 Cap.
422 4265 571 4320 XXXVIII.
583 4297 616 4306 -
636 4267 658 4320 l.
669 4267 806 4337 Metauges
818 4267 952 4320 nominati.
964 4265 1020 4319 ideo
1034 4267 1107 4318 codd.
1158 4265 1183 4317 l.
1194 4281 1292 4336 angaos
1303 4267 1378 4320 cedd.

348 4333 411 4404 Cap.
421 4333 478 4387 XL.
489 4365 523 4374 -
542 4335 564 4388 1.
576 4333 715 4388 Colitbiani
726 4351 742 4388 a
753 4335 866 4406 quodam
878 4333 972 4390 colitho
985 4335 1057 4387 codd.

348 4401 411 4472 Cap.
422 4401 515 4456 XLIII.
526 4431 559 4444 --
578 4403 601 4456 1.
616 4403 748 4484 ratispone
760 4403 834 4458 codd.
930 4425 933 4432 ·

348 4468 410 4539 Cap.
421 4466 513 4524 XLIV.
524 4501 558 4512 —
577 4471 599 4524 l.
612 4471 707 4525 omeha
718 4474 790 4526 codd.

349 4535 410 4605 Gap.
422 4535 501 4592 XLV.
513 4567 546 4579 -
565 4539 587 4594 1.
599 4539 760 4594 arrianorum
769 4541 841 4605 codd.

399 4183 424 4234 ai
476 4181 500 4235 t.
512 4195 674 4234 uazmzeuus
687 4187 714 4234 et
725 4180 866 4252 Gregorius
877 4183 983 4236 maenus
996 4183 1069 4232 codd.
