3120 4994
468 291 748 334 na'accnneraerrcrs
761 291 952 334 occurrens
996 282 1000 294 ‘
1230 295 1290 360 341

115 457 273 518 monente
288 455 374 538 prius
391 452 448 517 deo
464 457 496 515 et
509 453 664 516 invitante
680 449 720 514 ad
735 447 879 531 salutem,
894 453 929 512 ut
943 448 994 514 vel
1006 447 1100 532 eligat
1115 448 1165 514 vel
1177 469 1291 534 sequa·

116 563 175 620 tur
191 555 241 620 vel
256 561 327 638 agat
343 558 506 620 occasione
523 553 649 636 salutis,
669 554 727 617 hoc
748 557 796 615 est
809 552 1013 636 inspiratione
1030 552 1090 616 dei.
1128 551 1171 617 Ut
1185 559 1292 618 autem

117 665 336 744 consequatur
352 658 433 744 quod
454 658 540 741 eligit
555 655 604 721 vel
621 655 704 741 quod
719 654 860 740 seqnitur
873 655 924 718 vel
940 655 1021 740 quod
1037 655 1202 719 occasione
1217 656 1292 738 agit,

116 761 175 826 dei
192 783 261 826 esse
276 762 374 828 libere
392 761 584 826 eonfitemur.
621 759 751 824 Initium
767 779 838 841 ergo
853 758 965 822 salutis
980 763 1104 824 nostrae
1121 755 1178 821 dec
1193 758 1290 820 mise·

116 870 214 928 rante
230 863 397 930 habemus:
419 871 454 928 ut
473 865 709 948 acquiescamus
731 861 909 926 salutiferae
929 862 1144 947 inspirationi,
1164 865 1290 926 nostrae

116 969 289 1053 potestatis
306 973 367 1032 est:
387 973 423 1031 nt
441 967 652 1052 adipiscamur
667 964 750 1050 qnod
765 963 993 1048 acquiescendo
1013 963 1218 1028 admonitioni
1234 983 1288 1027 cu-

117 1073 239 1156 pimus,
254 1069 351 1135 divIni
368 1075 415 1136 est
429 1069 585 1134 muneris:
601 1074 636 1132 ut
651 1089 714 1132 non
729 1067 872 1132 labamur
892 1067 949 1133 ⁷ab
965 1067 1077 1152 adepto
1094 1065 1204 1131 salutis
1219 1087 1289 1130 mu·

116 1195 211 1256 nere,
227 1173 445 1244 sollicitudinis
461 1178 585 1237 nostrae
603 1177 651 1235 est
670 1177 702 1235 et
722 1171 866 1236 caelestis
885 1173 1003 1256 pariter
1017 1169 1177 1234 adiutorii:
1194 1173 1228 1233 ut
1242 1168 1288 1233 la·

116 1275 247 1358 bamur,
262 1278 425 1362 potestatis
442 1281 566 1340 nostrae
582 1275 634 1338 ⁸et
647 1274 818 1358 ⁹ignaviae.

192 1376 352 1430 Firmissime
364 1376 522 1430 credendum
533 1381 573 1430 est
584 1376 610 1429 iu
622 1375 843 1446 praevaricatione
856 1374 926 1428 Adue
944 1390 1035 1428 omues
1052 1369 1172 1426 homiues
1185 1378 1290 1426 natura-
1308 1381 1369 1436 (σιμ.
1383 1382 1458 1435 xxm)

118 1463 177 1516 lem
189 1463 388 1532 possibilitatem
401 1468 427 1514 et
438 1463 614 1516 innocentiam
625 1461 779 1531 perdidisse,
793 1467 819 1514 et
830 1461 960 1514 neminem
973 1459 1004 1512 de
1016 1457 1144 1530 profundo
1156 1459 1226 1512 illius
1238 1459 1290 1512 rui·

119 1563 174 1600 nae
185 1563 231 1616 per
242 1548 353 1600 liberum
366 1548 502 1600 arbitrium
513 1565 590 1617 porse
604 1562 773 1616 consurgere,
789 1547 841 1598 nisi
853 1563 914 1599 eum
925 1545 1010 1616 matie
1022 1544 1063 1598 dei
1073 1543 1223 1616 miserantis
1236 1561 1289 1598 era·

119 1633 202 1687 xerit.
234 1633 372 1686 lLiberum
384 1633 454 1686 euim
467 1633 602 1686 arbitrium
614 1633 657 1685 ille
669 1648 809 1702 perpessus
826 1631 888 1684 dum
900 1633 954 1684 suis
966 1629 1138 1701 inconsultius
1151 1630 1232 1682 utitur
1244 1631 1290 1684 bc·
1371 1619 1375 1622 ⁸

39 1711 45 1722 '
118 1719 179 1781 nis,
196 1718 291 1772 cadens
307 1719 334 1771 in
350 1718 580 1788 praevaricationis
592 1718 722 1788 profunda
737 1717 870 1770 demersus
883 1721 935 1780 est,
953 1721 979 1768 st
993 1714 1059 1768 nihil
1070 1715 1290 1784 quemadmodum

119 1804 219 1859 exinde
230 1819 338 1874 surgere
350 1809 439 1874 posset
450 1804 556 1868 inuenit,
568 1819 668 1873 suaque
680 1804 708 1855 iu
720 1808 854 1856 aeternum
866 1803 984 1854 libertate
996 1801 1117 1871 deceptus
1129 1799 1207 1854 huius
1220 1799 1289 1854 lmi-

119 1905 174 1942 nae
186 1891 305 1944 latuisset
318 1906 456 1960 oppressu,
473 1891 525 1944 uisi
537 1905 596 1942 eum
608 1895 668 1959 post
680 1887 775 1944 Christi
786 1905 833 1958 pre
846 1905 894 1941 sua
905 1887 990 1956 gratia
1001 1888 1142 1940 relevasset
1153 1886 1289 1952 adventus,

119 1976 171 2045 qui
182 1991 228 2045 per
239 1992 322 2030 novae
335 1976 538 2046 regenerationis
549 1975 758 2046 purificationem
775 1991 851 2028 omne
868 1973 1053 2044 ³praeteritum
1070 1973 1162 2027 vitium
1174 1974 1215 2028 sui
1226 1973 1289 2044 bap·

118 2062 236 2116 tismatis
247 2063 352 2116 lavacro
363 2062 494 2132 purgavit.

193 2146 330 2200 Neminem
342 2163 400 2200 esse
412 2163 457 2218 per
469 2147 639 2220 semetipsum
652 2147 763 2212 bouum,
780 2147 832 2200 nisi
843 2146 1069 2218 participationem
1085 2147 1126 2200 sui
1137 2146 1180 2200 ille
1194 2144 1289 2200 ¹dnuet
1306 2155 1367 2207 (σιμ.
1380 2155 1466 2206 amn)

120 2234 171 2304 qui
181 2234 253 2286 solue
265 2238 306 2286 est
316 2233 409 2288 bouus.

192 2318 328 2372 Namusam
342 2320 420 2372 etiam
433 2319 597 2390 baptismatis
609 2319 695 2388 matie
706 2323 858 2374 renovatum
870 2320 993 2374 idoneum
1010 2335 1068 2374 esee
1085 2319 1116 2373 ad
1128 2317 1288 2390 superandas
1307 2327 1367 2380 (cap.
1381 2327 1465 2378 mv.)

119 2404 223 2458 diaboli
234 2405 341 2458 insidias
354 2411 380 2458 at
392 2405 424 2458 ad
436 2405 577 2458 vincendas
591 2406 675 2458 carnis
688 2406 921 2475 concupiscentias,
933 2406 984 2460 nisi
995 2423 1040 2476 par
1053 2405 1232 2474 quotidianum
1244 2405 1289 2460 ad·

118 2491 248 2545 turonum
261 2491 302 2544 dei
312 2492 531 2560 perseverantiam
545 2492 627 2544 bonae
639 2492 844 2546 conversationis
856 2492 992 2561 acceperit.

192 2575 267 2639 Quod
279 2593 356 2630 neure
368 2578 419 2630 uisi
430 2593 475 2647 per
487 2575 620 2630 Christum
631 2577 713 2630 libero
726 2577 792 2630 bane
803 2583 891 2630 utatur
902 2577 1023 2642 arbitrio,
1039 2577 1108 2630 idem
1124 2578 1250 2648 magister
1261 2577 1289 2632 in
1307 2585 1367 2638 (σιμ.
1380 2584 1454 2636 xxv.)

120 2662 236 2732 epistola
251 2662 284 2714 ad
295 2663 476 2716 Milevituuum
492 2664 630 2716 concilium
647 2663 707 2716 data
723 2663 867 2733 praedicat,
886 2663 1003 2716 ¹diceue:
1016 2662 1126 2716 Advorte
1138 2663 1288 2729 tandem,0

120 2749 338 2818 praviasImarum
349 2748 477 2802 mentium
488 2737 609 2820 peruersa
620 2748 750 2813 doctriua,
768 2749 837 2818 qnod
852 2749 966 2819 primum
981 2747 1114 2802 hominem
1131 2749 1169 2802 ita
1183 2749 1288 2804 libertas

120 2835 182 2904 ipsa
193 2833 306 2904 decepit,
324 2837 353 2886 ut
369 2833 431 2886 dnm
447 2833 625 2903 indulgentius
637 2833 717 2886 denis
730 2835 786 2888 eius
796 2834 889 2898 utitur,
907 2835 934 2886 in
950 2833 1198 2904 praevaricationem
1214 2851 1288 2905 prae·

120 2920 272 2990 sumptione
283 2919 415 2974 inciderat.
445 2918 498 2972 blec
514 2935 548 2972 ex
565 2919 612 2972 hae
626 2921 790 2990 perurens,
808 2920 895 2974 nisiei
911 2919 1073 2990 prouidentia
1083 2921 1288 2990 regenerationis

119 3011 221 3060 statum
234 3005 358 3076 pristinae
370 3005 496 3060 libertatis
509 3003 604 3060 Christi
616 3005 714 3060 domini
724 3006 894 3064 reformasset
904 3005 1039 3062 adventus.

119 3147 232 3197 naturae
244 3147 347 3195 nostrae
360 3159 460 3212 sequax
472 3161 529 3198 esse
538 3143 639 3196 divinae
650 3144 826 3214 inspirationis
835 3143 915 3197 libere
925 3143 1088 3197 confitemur.
1106 3143 1188 3216 Igdtur
1197 3151 1288 3200 utnon
1390 3182 1395 3190 ·

119 3213 244 3265 labamur
256 3219 311 3262 cett.
332 3211 366 3263 Id
374 3229 432 3263 cero
445 3211 477 3263 ab
490 3213 587 3264 bomine
600 3211 725 3264 catholeco
737 3217 859 3265 insertum
866 3222 963 3283 putant
973 3221 1081 3282 propter
1099 3215 1216 3266 lateralem
1232 3217 1287 3267 illie
1365 3236 1370 3246 ‘

119 3281 322 3346 Pelagianos-um
335 3297 452 3334 errorem.
471 3279 587 3350 (Benedl
650 3281 674 3335 7.
688 3281 821 3352 inadepto
835 3285 894 3336 edit.
909 3281 1025 3335 Elment.
1089 3280 1114 3336 8.
1128 3287 1168 3336 ast
1186 3288 1212 3334 et
1228 3285 1287 3335 ada't.
1393 3297 1398 3307 ·

118 3347 240 3402 Etment.
292 3348 316 3401 9.
331 3345 392 3400 Post
401 3347 522 3418 ignauiae
535 3351 589 3402 ced.
603 3349 716 3405 Floreat.
730 3353 806 3404 addit
815 3350 842 3403 id
854 3357 895 3404 est
905 3349 1066 3404 rationabilis
1078 3351 1228 3406 voluntatis.
1254 3353 1288 3404 In

119 3419 183 3468 edit.
197 3414 311 3468 Eltnent.
324 3415 427 3469 haecce
460 3426 548 3468 untur:
560 3433 613 3470 non
625 3422 713 3470 tamen
725 3419 758 3471 ad
770 3418 937 3472 obtinendam
949 3419 1006 3472 siue
1018 3418 1062 3470 illo
1075 3419 1120 3488 qui
1132 3425 1285 3488 quaerentes

118 3485 186 3537 iacit
197 3483 325 3548 invenire,
361 3485 388 3536 ui
399 3502 433 3555 pu
445 3485 562 3538 sentibus
575 3487 668 3556 aperit,
686 3487 730 3556 qui
742 3486 890 3556 petentibus
903 3487 989 3542 donat.
1019 3485 1093 3539 Sicut
1108 3503 1170 3556 ergo
1183 3488 1287 3541 initium

118 3553 216 3606 salutis
229 3558 333 3605 nostrae
343 3501 397 3606 (beo
415 3555 556 3606 miserante
573 3561 599 3606 et
614 3555 757 3624 inspirante
770 3553 864 3607 habere
877 3571 925 3608 nos
938 3553 1079 3607 credimus:
1098 3555 1135 3606 ita
1152 3556 1286 3610 arbitrium
1329 3559 1332 3565 '

118 3625 228 3675 nomae
241 3627 348 3674 naturae
360 3639 387 3673 se
407 3637 460 3674 nex
472 3638 529 3674 esse
540 3622 640 3674 divinae
649 3623 825 3693 inspirationis
834 3623 914 3676 libere
923 3621 1085 3678 confitemur.
1103 3622 1186 3692 Igitur
1195 3629 1286 3678 utnon

118 3690 242 3744 labamur
255 3705 270 3740 a
282 3690 351 3742 bono
363 3639 405 3742 vel
416 3695 523 3744 naturae
535 3691 577 3742 vel
588 3691 686 3754 meriti,
703 3691 883 3744 sollicitudinis
899 3697 1003 3745 nestrae
1021 3697 1060 3744 est
1071 3695 1096 3743 et
1108 3693 1227 3745 caelestis
1239 3709 1285 3764 pa-
1309 3745 1311 3748 ,

119 3759 184 3814 riter
195 3757 327 3821 adiutorii:
342 3761 370 3810 ut
381 3759 507 3822 labamur,
519 3759 655 3828 potestatis
666 3765 771 3812 nostrae
783 3766 810 3812 et
820 3761 949 3830 ignaviae.
975 3759 1177 3812 Elmsntorata'ua
1188 3771 1286 3814 tantum

118 3836 235 3880 exeram
247 3827 294 3878 illo
306 3825 388 3896 Igitur
399 3833 493 3879 utnon
505 3827 623 3880 labamur
634 3858 668 3867 —
676 3858 710 3868 —
721 3829 842 3898 ignaviae
860 3830 992 3882 abundare
1010 3831 1119 3892 censuit,
1136 3838 1162 3881 et
1176 3831 1284 3884 delenda

119 3904 152 3948 ut
194 3897 261 3946 ure'u.

162 3913 266 4032 wlCap.
279 3963 376 4031 XXII.)
390 3993 423 4004 -
442 3963 469 4016 V.
484 3963 622 4016 Caelestini
628 3983 718 4034 papus
736 3983 749 4016 e
773 3969 778 3980 '
802 4007 808 4019 .
826 3968 863 4018 ad
876 3966 1019 4017 Galliarum
1036 3981 1049 4016 e
1073 3969 1165 4034 'copes
1182 3967 1283 4036 (Auga-

117 4035 184 4086 ate‘m'
198 4031 738 4102 Opped.Beued.tom.'X,Append.p.8
766 4050 779 4083 a
813 4039 876 4097 .)ca
897 4033 940 4087 ,4.
994 4033 1015 4085 l.
1042 4033 1225 4102 flanocenn'i
1254 4057 1284 4088 a·

115 4118 173 4172 pac
191 4103 263 4170 epist.
278 4099 335 4152 181.
354 4119 397 4170 up.
410 4101 545 4168 Angustia.
561 4119 625 4154 num.
644 4099 667 4152 7.
690 4053 798 4164 (8611σὲ.
867 4053 950 4153 ἰδία
962 4101 1035 4156 MSS.
1054 4110 1079 4153 ct
1093 4104 1152 4156 edit.
1165 4123 1189 4157 α.
1203 4104 1218 4154 1
1237 4103 1282 4159 24.

118 4171 204 4253 {tiae
215 4169 341 4289 quotidem
357 4171 479 4222 editiones
494 4169 569 4221 ruina
584 4169 708 4222 iacuisset
724 4185 872 4240 oppressus.
891 4167 1009 4239 (Bened.)
1060 4169 1085 4224 3.
1097 4171 1170 4227 MSS.
1182 4178 1283 4242 praete·

117 4244 172 4294 rm
190 4237 270 4380 lllhbe
288 4278 294 4289 .
368 4307 390 4426 q
404 4305 433 4360 V.
447 4305 583 4358 Caelestini
590 4323 679 4376 papae
691 4310 762 4376 epist.
775 4309 812 4359 ad
825 4307 893 4360 Gall.
906 4310 1035 4378 epsicopus
1052 4325 1109 4378 cap.
1122 4309 1147 4361 5.
1201 4308 1224 4365 l.
1238 4308 1282 4364 dc·

119 4377 223 4429 navarit
233 4379 271 4428 ed,
284 4375 374 4427 Elmeo
393 4415 399 4427 .

191 4443 264 4579 ἔθη).
277 4442 388 4512 XXIV.)
413 4443 441 4495 V.
455 4443 592 4495 Caelestini
597 4461 689 4514 papae
701 4446 772 4514 epist.
785 4445 822 4496 ad
835 4445 903 4497 Gall.
917 4446 993 4515 eptae.
1007 4461 1065 4515 cop.
1077 4445 1102 4497 5.

203 4509 266 4580 Gap.
278 4511 376 4576 XXVI
401 4511 429 4564 V.
443 4511 579 4564 Caelestini
585 4529 675 4582 popae
686 4516 758 4582 aptet.
770 4515 808 4566 od
820 4514 889 4567 Gall.
902 4517 980 4584 cpa'ac.
994 4531 1052 4585 cap.
1067 4513 1092 4568 6.
1151 4513 1172 4569 l.
1186 4513 1224 4586 Cf.
1237 4515 1281 4571 In·

122 4583 252 4632 nocentius
264 4584 334 4650 epist.
347 4578 407 4634 182.
421 4583 487 4632 inter
498 4581 634 4650 atagartin.
647 4597 712 4634 nunt.
723 4579 749 4632 3.
