3120 4994
552 1247 587 1338 P
618 1249 660 1338 A
689 1247 728 1340 U
758 1247 793 1338 L
824 1249 846 1340 I

423 1437 476 1504 nu
498 1437 750 1506 emesenus
773 1437 974 1504 annosus.

623 1613 772 1623 -ι

115 1737 251 1870 Simon
274 1799 399 1879 Petrus,
428 1797 546 1884 primus
572 1798 959 1883 apostolorumaemulunu
985 1799 1095 1864 habuit
1116 1798 1277 1868 Simonem
1294 1813 1375 1864 ῦιιιι

114 1921 255 1984 magum,
275 1900 409 1986 primum
423 1901 665 1982 haeretieorum,
685 1901 736 1966 oui
750 1905 783 1964 et
796 1900 996 1968 maledixisse
1011 1901 1124 1984 legitur
1137 1901 1171 1966 in
1186 1901 1275 1966 Aeti-

115 2005 178 2070 bus
196 2002 432 2089 Apostolorum,
452 2024 507 2087 pro
528 2023 564 2068 eo
591 2003 690 2088 ¹quod
715 2006 843 2088 spiritus
863 2006 965 2070 saneti
984 2003 1116 2087 gratiam
1135 2009 1277 2089 putasset

114 2106 254 2191 pecunia
268 2106 441 2172 emendam.
478 2105 562 2172 Haeo
577 2106 730 2188 haeresis,
745 2113 896 2191 quantum
911 2105 951 2172 ad
965 2107 1129 2174 avaritiam
1143 2113 1276 2192 spectat,

115 2230 216 2293 usqne
232 2207 324 2274 hodie
339 2207 548 2294 ²psrseverat,
568 2209 710 2294 quamuis
725 2208 916 2294 periculosa,
938 2215 970 2274 et
984 2215 1136 2294 quatenus
1157 2209 1274 2276 iutelli-

114 2311 280 2395 geudasit,
297 2311 468 2396 capitulum
476 2314 602 2378 tortium
617 2311 719 2395 quarti
730 2311 916 2378 universalis
931 2313 1057 2378 oouoilii
1071 2313 1155 2399 apud
1169 2313 1275 2378 ³chal-

116 2414 271 2480 cedouam
290 2435 309 2478 a
327 2416 484 2480 sexcentis
502 2413 585 2482 XXX
605 2413 705 2480 habiti
725 2413 771 2479 sio
792 2414 943 2480 ostendit:
970 2415 1005 2482 Si
1024 2415 1095 2499 quis
1111 2415 1275 2502 episeopus
1354 2431 1358 2439 “

115 2537 173 2602 per
187 2517 354 2602 pecuniam
367 2516 478 2582 feeerit
492 2517 728 2600 ordinationem,
744 2522 776 2581 et
790 2517 848 2582 sub
859 2520 959 2604 pretio
971 2517 1126 2601 redegerit
1134 2521 1276 2604 gratiam,

116 2639 197 2702 quae
217 2641 279 2684 non
301 2625 404 2704 potest
423 2619 532 2702 uendi,
553 2619 802 2706 ordinaveritque
824 2641 879 2706 per
898 2621 1065 2706 peouuiam
1083 2621 1276 2708 episcopum,

117 2729 173 2786 aut
186 2723 414 2808 presbyterum,
433 2729 487 2788 aut
502 2721 678 2805 diaconum,
699 2721 749 2788 vel
769 2723 940 2807 quemlibet
960 2741 998 2788 ex
1017 2723 1067 2788 his
1087 2726 1141 2808 qui
1155 2743 1274 2790 connu-

117 2829 279 2890 merantur
293 2827 326 2890 in
342 2825 434 2907 olero,
454 2831 509 2890 aut
522 2827 711 2910 promoverit
724 2845 780 2911 per
794 2828 944 2911 peouniae
959 2825 1206 2911 dispensatorem
1221 2831 1276 2892 aut

117 2925 325 3008 defensorem,
339 2928 389 2992 vel
404 2948 556 3012 quemque
572 2929 625 3014 qui
640 2928 798 2993 subiectus
814 2935 863 2994 est
876 2929 1010 3013 regulae,
1024 2949 1079 3015 pro
1095 2932 1143 2994 sui
1158 2930 1274 3016 turpis-

118 3031 190 3096 simi
206 3030 285 3094 lucri
297 3030 470 3113 commodo,
489 3033 527 3112 is,
547 3030 597 3095 oui
612 3031 670 3096 hoo
686 3034 887 3116 attemptanti
900 3031 1066 3117 probatum
1080 3032 1184 3115 fuerit,
1202 3055 1274 3120 pro·
1375 3089 1378 3101 .

118 3134 178 3216 prii
193 3133 307 3216 gradus
322 3133 460 3218 perieulo
482 3133 668 3215 subiacebit,
686 3140 718 3198 et
736 3134 790 3218 qui
811 3131 971 3200 ordinatus
986 3141 1044 3218 est,
1064 3135 1144 3202 nihil
1164 3157 1201 3200 ex
1215 3137 1275 3206 hae
1307 3163 1312 3172 ·

119 3236 312 3302 ordinatione
326 3233 397 3300 ⁴aut
409 3236 610 3320 promotione,
625 3255 703 3320 quae
715 3243 764 3301 est
777 3257 833 3323 per
843 3237 1085 3322 negotiationem
1095 3239 1188 3322 faeta,
1202 3261 1274 3324 pro·

118 3337 215 3420 finiat,
229 3339 272 3402 sit
285 3337 406 3402 alienus
422 3358 459 3402 ea
473 3338 622 3421 dignitate
637 3339 687 3404 vel
701 3339 910 3406 sollieitudine
923 3362 1015 3425 quarn
1025 3341 1167 3426 pecuniis
1179 3361 1273 3425 quae·

119 3440 203 3506 sivit.
233 3441 267 3506 Si
282 3441 352 3525 quis
366 3459 439 3506 voro
454 3441 607 3508 mediator
622 3447 687 3506 tem
700 3441 844 3528 turpibus
859 3450 891 3508 et
905 3443 1048 3508 nefandis
1060 3443 1141 3508 datis
1157 3443 1206 3508 vel
1220 3465 1273 3510 ao·

120 3545 218 3629 ceptis
234 3543 382 3626 extiterit,
397 3543 425 3608 si
440 3543 565 3628 quidem
577 3545 709 3610 olerious
720 3545 824 3627 fuerit,
838 3545 962 3632 proprio
974 3545 1072 3629 gradu
1086 3543 1226 3628 deoidot,
1246 3549 1274 3612 si

120 3665 191 3712 vero
206 3645 304 3710 laicus
319 3647 392 3710 ⁵aut
409 3646 592 3728 monachus,
606 3646 895 3714 anathematizetur.
932 3649 1027 3716 Porro
1043 3653 1160 3732 quanta
1178 3669 1273 3712 vono-

119 3748 237 3812 ratioue
253 3749 487 3835 suscipiendum
501 3749 543 3814 sit
556 3748 615 3814 hoo
630 3748 802 3834 oapitulum
821 3749 1038 3817 ⁶beatissimus
1056 3771 1138 3836 pope
1158 3751 1274 3834 Grego-
1317 3836 1323 3845 ·

120 3851 183 3914 rius
202 3849 272 3916 huis
293 3851 429 3916 nominis
449 3851 568 3938 primus
588 3851 621 3916 in
644 3871 701 3916 sua
720 3853 870 3935 synodica
889 3851 1041 3936 declarat,
1067 3853 1122 3920 ubi
1141 3861 1274 3938 quatuor

121 3953 306 4018 universalia
321 3955 463 4036 eoncilia,
478 3975 516 4018 ox
531 3955 643 4039 quibus
658 3953 744 4019 istud
757 3961 902 4038 quartum
916 3961 974 4038 est,
994 3961 1124 4040 quatuor
1139 3977 1272 4040 evange·

121 4053 342 4142 iiisoomparst.
366 4057 1273 4140 AliaSimoniaoorum,siveSimoniauorum,haeresisiarn

121 4149 247 4244 autiqu'a
262 4165 320 4240 est,
335 4179 396 4243 qua
411 4159 556 4224 dixerunt
570 4165 742 4224 ereaturam
757 4179 820 4224 non
836 4159 937 4244 adeo,
957 4159 1013 4226 sed
1033 4161 1180 4228 avirtute
1195 4183 1271 4246 qua·

122 4259 192 4326 dam
206 4281 340 4347 superna
351 4268 496 4327 creatam.

186 4445 247 4528 Gap.
259 4445 278 4499 1.
291 4476 323 4486 —
343 4447 365 4502 l.
378 4447 422 4518 qui
434 4449 512 4500 eodm
523 4457 630 4518 uterque.
682 4447 706 4501 2.
724 4449 756 4501 Ia
767 4458 824 4501 vett.
836 4450 909 4501 tidros
921 4451 1048 4504 distinctio
1065 4460 1104 4503 est
1116 4455 1270 4522 perseveret.

123 4511 241 4576 Quamvis
254 4523 310 4568 cett.
360 4513 385 4568 3.
403 4515 574 4570 calcedonem
585 4515 679 4569 dotent
692 4519 760 4582 libri,
771 4521 973 4586 quemadmodum
986 4523 1062 4574 eliam
1073 4523 1146 4590 infra
1158 4538 1216 4594 cop.
1229 4519 1269 4576 45.

122 4581 145 4636 4.
155 4589 185 4636 ut
196 4585 251 4639 cod.
262 4593 371 4654 uterque.
422 4585 447 4638 5.
459 4591 488 4637 ut
500 4587 553 4639 cod.
566 4595 674 4656 uterque.
726 4585 751 4640 6.
762 4587 940 4642 beatissimum
953 4589 1025 4642 codd.
