3112 4986
288 295 349 362 216
791 287 942 334 dutitiam

109 464 160 518 aas.
173 464 270 508 marm
351 447 407 514 Est
420 447 483 512 alie
495 449 634 514 haeresis
648 445 741 513 nudis
754 445 889 534 pedibus
904 467 1028 532 semper
1043 445 1286 527 ambulantium,
1305 465 1342 512 eo
1361 445 1445 528 quod

290 551 433 618 dominus
449 551 562 616 dixerit
576 551 616 615 ad
629 549 757 634 Moysen
772 551 824 615 vel
839 549 878 614 ad
893 549 1017 631 ¹Iosue,
1037 548 1129 614 Solve
1144 549 1391 613 calceamentum
1405 547 1444 612 de

289 653 418 740 pedihus
434 657 505 718 tuis.
527 653 566 720 Et
582 654 664 738 quod
679 651 830 738 prophete
844 651 966 717 'Esaias
981 651 1074 718 nudis
1089 651 1223 737 pedibus
1237 655 1341 715 iussus
1353 651 1446 715 suerit

289 757 457 822 ambulare.
492 757 565 822 Ideo
582 778 652 840 ergo
668 757 807 820 haeresis
823 762 885 838 est,
905 759 1054 840 quianon
1069 761 1197 840 propter
1212 756 1350 840 eorporis
1364 752 1444 818 emi·

290 863 424 926 ctionem
434 859 658 942 sicambulant,
674 857 1113 944 sedquiatestimoniadivina
1123 858 1228 922 taliter
1238 855 1444 940 ³intelligunt.

134 979 185 1032 cu·
198 977 270 1022 um
349 963 517 1028 Donatiani
538 963 588 1028 vel
607 963 788 1027 Donatistae
808 967 882 1026 sunt
903 965 955 1046 qui
972 964 1248 1059 primumppropter
1268 959 1445 1026 ordinatum
1543 1039 1544 1066 1

288 1072 396 1133 contra
418 1087 506 1130 suam
533 1065 724 1130 voluntatem
756 1065 982 1146 Caecilianum,
1011 1065 1161 1128 ecelesiae
1192 1065 1445 1148 Carthaginensis

289 1173 481 1257 episcopum,
501 1169 638 1234 schisma
652 1169 809 1248 fecerunt,
832 1167 1013 1232 obiicientes
1029 1170 1056 1230 ei
1073 1171 1205 1232 erimina
1219 1187 1282 1232 non
1305 1167 1445 1252 probata,

288 1279 319 1338 et
333 1275 467 1337 maxime
488 1271 571 1356 qued
590 1291 610 1336 a
629 1271 829 1336 traditoribus
852 1269 1026 1336 divinarum
1047 1273 1269 1355 scripturarum
1287 1271 1383 1334 fuerit
1396 1291 1444 1334 or·

288 1375 422 1440 dinetus.
459 1373 522 1438 Sed
543 1381 622 1460 post‘
634 1395 759 1438 causam
780 1395 851 1438 cum
870 1395 906 1438 eo
927 1373 1042 1437 dictam
1057 1379 1150 1457 atque
1166 1374 1286 1436 linitam
1301 1371 1445 1459 salsitatis

287 1479 332 1542 rei
348 1477 548 1562 deprehensi,
563 1479 715 1561 pertinaci
730 1476 924 1540 dissensione
939 1477 1076 1558 firmata,
1092 1479 1125 1540 in
1138 1475 1293 1540 haeresim
1309 1474 1445 1540 schisma

287 1585 461 1661 verterunt,
476 1585 624 1664 tanquam
639 1580 772 1644 eeclesia
787 1579 900 1644 Christi
916 1585 1042 1663 propter
1057 1581 1187 1643 crimina
1198 1578 1377 1658 Caeciliani,
1392 1597 1443 1642 seu
1545 1662 1546 1666 Ἰ

287 1694 374 1762 vera,
394 1702 464 1764 seu,
485 1681 567 1766 qnod
586 1685 685 1765 magis
700 1682 855 1746 iudicibus
871 1683 1030 1766 apparuit,
1044 1681 1138 1763 falsa,
1158 1680 1196 1746 de
1212 1687 1276 1745 toto
1292 1689 1444 1745 terrarum
1545 1677 1546 1758 Q

288 1785 361 1852 orbe
381 1785 522 1870 perierit,
549 1785 603 1848 ubi
630 1787 734 1849 lutura
760 1787 914 1870 promissa
940 1789 1003 1867 est,
1029 1789 1121 1868 atque
1147 1787 1180 1848 in
1205 1783 1311 1848 Africa
1331 1781 1444 1849 Donati

287 1894 373 1974 parte
389 1889 590 1969 remanserit,
605 1889 638 1952 in
653 1887 723 1952 aliis
738 1893 890 1952 terrarum
905 1891 1043 1972 partibus
1056 1889 1145 1972 quasi
1161 1889 1343 1970 contagione
1360 1907 1443 1953 com·
1545 1881 1546 1910 ¹

287 1992 445 2056 munionis
466 1994 613 2054 extincta.
648 1991 776 2056 Audent
800 1993 893 2054 etiam
918 1990 1109 2076 rebaptizare
1132 1989 1315 2073 catholicos,
1338 1989 1393 2055 ubi
1412 2009 1444 2053 sa

287 2091 421 2179 amplius
443 2091 616 2159 haereticos
637 2113 705 2158 esse
726 2095 905 2176 firmarunt,
924 2113 996 2157 cum
1015 2093 1164 2158 ecelesiae
1186 2093 1355 2158 catholicas
1375 2095 1443 2157 uni·

286 2215 394 2260 uersae
410 2195 561 2280 placuerit
575 2215 632 2260 nee
649 2200 681 2260 in
697 2198 774 2282 ipsis
788 2197 954 2260 haereticis
970 2197 1127 2282 baptisma
1142 2215 1304 2261 commune
1325 2201 1443 2262 rescin-
1546 2223 1547 2246 r

288 2297 369 2364 dere.
405 2298 505 2364 Huius
519 2295 657 2364 haeresis
673 2301 846 2385 principem
862 2301 1031 2384 accipimus
1046 2300 1142 2363 luisse
1153 2299 1322 2380 Donatum,
1340 2302 1392 2383 qui
1408 2297 1444 2363 de

287 2399 433 2466 Numidia
448 2404 589 2485 veniens,
604 2406 636 2466 et
650 2409 758 2468 contra
773 2401 981 2467 Caecilianum
997 2401 1205 2467 Christianam
1220 2401 1364 2466 dividens
1379 2401 1445 2488 ple·
1547 2476 1548 2502 ¹

287 2503 375 2586 bem,
395 2503 550 2568 adiunctis
570 2505 631 2568 sibi
646 2505 785 2569 eiusdem
805 2505 948 2570 iectionis
968 2507 1140 2590 episcopis,
1161 2504 1347 2570 Maiorinum
1364 2504 1446 2591 apud
1547 2557 1548 2560 ,

288 2605 506 2690 Carthaginem
526 2605 681 2672 ordinavit
701 2609 891 2692 episcopum.
927 2607 984 2672 Cui
999 2607 1148 2674 Maiorino
1162 2607 1303 2672 Donatus
1318 2607 1400 2672 alins
1414 2610 1447 2672 in

288 2708 398 2775 eadem
413 2709 565 2776 divisione
582 2713 743 2793 successit,
765 2713 818 2794 qui
833 2709 1010 2795 eloquentia
1025 2731 1081 2776 sua
1096 2711 1141 2776 sic
1155 2711 1351 2776 confirmauit
1364 2711 1445 2776 hanc

286 2811 452 2894 haeresim,
471 2819 506 2877 ut
520 2812 612 2878 multi
627 2815 806 2878 existiment
820 2819 946 2899 propter
960 2817 1063 2899 ipsum
1078 2816 1181 2899 potius
1198 2833 1249 2878 eos
1263 2813 1446 2879 Donatistae

286 2917 399 2980 vocari.
421 2913 537 2980 Extant
552 2917 668 3001 scripta
682 2920 761 2998 eius,
775 2916 828 2980 ubi
844 2923 974 3002 apparet
987 2937 1058 2982 eum
1074 2919 1168 2981 etiam
1182 2937 1245 2981 non
1261 2917 1446 2982 catholicam

288 3016 327 3082 de
342 3020 480 3081 trinitate
494 3017 641 3083 hahuisse
657 3022 855 3101 sententiam,
870 3017 925 3084 sed
937 3022 1077 3104 quamvis
1089 3017 1230 3084 eiusdem
1241 3021 1447 3102 substantiae,

287 3122 440 3185 minorem
453 3125 564 3200 ¹tanren
583 3129 672 3207 patre
696 3121 810 3205 filium,
835 3129 868 3186 et
893 3125 1046 3187 minorem
1066 3123 1129 3188 lilio
1151 3129 1278 3208 putasse
1300 3125 1447 3207 spiritum

288 3229 441 3288 sanctum.
477 3223 593 3290 Verum
608 3227 640 3288 in
655 3223 755 3308 hunc,
770 3245 863 3310 quem
877 3223 915 3290 de
930 3229 1069 3290 trinitate
1084 3226 1210 3309 habuit,
1229 3229 1295 3290 eius
1310 3245 1448 3292 errorem

287 3325 521 3391 Donatistarum
535 3326 701 3392 multitude
716 3331 838 3392 intenta
855 3349 918 3392 non
937 3329 1012 3410 fuit,
1034 3349 1092 3394 neo
1114 3329 1204 3394 facile
1230 3332 1263 3392 in
1290 3330 1335 3392 eis
1359 3333 1447 3414 quis-

289 3449 399 3514 quam,
420 3431 473 3512 qui
487 3428 545 3494 hoe
561 3429 649 3494 illum
664 3433 799 3496 sensisse
815 3434 950 3513 nouerit,
970 3434 1136 3496 invenitur.
1173 3433 1230 3497 Isti
1249 3432 1399 3498 haeretiei
1414 3435 1447 3498 in

288 3532 363 3596 urbe
378 3532 477 3596 Roma
490 3530 668 3597 Montenses
683 3541 842 3616 vocantur,
865 3536 977 3618 quibus
992 3535 1065 3600 hinc
1086 3555 1124 3599 ex
1141 3534 1247 3600 Africa
1261 3535 1365 3599 solent
1379 3539 1446 3621 epi·

288 3655 416 3720 scopum
427 3637 561 3716 mittere,
576 3643 630 3700 aut
641 3637 713 3700 hinc
728 3637 801 3702 illuc
813 3637 881 3702 Afri
896 3641 1034 3723 episcopi
1050 3657 1156 3702 eorum
1170 3657 1308 3724 pergere,
1324 3640 1351 3701 si
1367 3637 1446 3703 forte

286 3737 331 3802 ihi
353 3758 424 3800 eum
445 3737 586 3802 ordinare
606 3737 783 3824 placuisset.
819 3737 870 3804 Ad
889 3739 970 3805 hanc
990 3739 1145 3806 haeresim
1164 3743 1198 3805 in
1220 3741 1326 3805 Africa
1348 3739 1446 3806 atilli

287 3841 444 3926 pertinent
459 3843 512 3924 qui
526 3841 722 3926 appellantur
737 3843 1020 3924 Circumcelliones,
1035 3863 1132 3927 genus
1147 3843 1309 3910 hominum
1324 3851 1445 3927 agresta

288 3949 319 4006 et
334 3943 559 4007 famosissimae
574 3942 732 4025 audaciae,
746 3965 808 4009 non
821 3945 920 4010 solnm
932 3949 965 4010 in
976 3947 1054 4010 alios
1064 3948 1214 4011 immania
1224 3947 1363 4012 facinora
1374 3967 1445 4032 per·

287 4043 453 4129 patrando,
475 4045 529 4110 sed
550 4066 608 4112 nee
630 4047 691 4114 sibi
707 4047 817 4113 eadem
831 4052 941 4114 insana
955 4049 1076 4114 feritate
1092 4049 1258 4134 parcendo.
1294 4047 1376 4114 Nam
1390 4070 1446 4136 per

287 4153 403 4212 mortes
422 4151 539 4232 ramas,
560 4152 756 4236 maximeque
774 4154 1027 4238 praecipitiorum
1047 4157 1078 4217 et
1099 4173 1249 4238 aquarum
1268 4157 1299 4216 et
1325 4155 1443 4236 ignium

355 4365 589 4502 Caphxvllh-
618 4371 641 4424 1.
657 4369 740 4425 Exod.
755 4369 799 4426 ΠΙ.
817 4371 842 4425 5.
876 4371 926 4456 Ios.
938 4373 969 4426 V.
984 4373 1022 4426 16.
1051 4373 1129 4428 Deest
1143 4373 1442 4430 ramulnenses

290 4433 396 4499 (Banad.
458 4437 623 4493 aaran„
636 4437 660 4492 2.
712 4439 737 4494 3.
749 4440 916 4494 Amatoria
929 4451 954 4494 et
963 4441 1070 4495 Eroama'
1080 4445 1201 4496 editiones
1212 4453 1237 4496 et
1241 4445 1359 4522 plen'pue
1370 4443 1441 4498 MS&

289 4505 403 4553 omittunt
411 4501 471 4557 ideo
483 4520 546 4572 ergo
558 4504 672 4560 haeresis
683 4513 731 4570 eet,
747 4509 871 4576 quianon
883 4515 986 4579 prepter
998 4511 1112 4582 eorporis
1124 4509 1292 4566 affiictionem
1303 4527 1341 4564 suo
1353 4511 1443 4566 amte-

288 4565 350 4630 lent,
363 4567 408 4622 aad
419 4571 481 4637 qnia
491 4571 638 4626 testimonia
649 4573 734 4627 diane
745 4573 831 4628 taliter
841 4575 997 4646 intelligunt.
1049 4577 1168 4647 (Benad.)
