3120 4994
500 313 899 356 nrurcunusuarmrrussraus
1223 311 1284 378 237

118 471 197 538 liter
210 473 312 538 mixta
326 473 445 554 omnia,
466 476 498 538 et
518 491 589 536 cum
609 470 667 536 deo
687 470 804 536 habere
824 471 995 535 lnaturam.
1033 469 1134 534 liuius
1156 467 1285 534 luminis

118 575 330 661 *particulam
352 575 511 642 detentam
538 574 695 659 quondam
720 597 740 640 o
762 573 902 640 tenebris
917 573 1003 638 ¹velle
1026 572 1120 638 deum
1141 571 1285 654 liberare,

120 679 237 762 ⁵quam
255 679 365 743 dicunt
377 679 586 763 llargoricom.
623 679 721 743 Vetus
737 683 890 763 respuunt
909 681 1148 754 testamentum
1168 693 1286 740 novum

122 784 291 867 recipiunt,
304 780 382 846 ⁶sed
397 801 435 854 ex
449 787 546 867 parte.
583 780 809 867 Blasphemant
822 779 1007 866 prophetas,
1025 783 1150 844 utentes
1172 797 1285 843 accun-

122 884 201 949 dum
214 885 416 971 pravitatem,
431 883 558 966 Omnes,
574 889 726 968 quotquot
739 889 812 948 ante
827 903 878 948 me
892 887 1057 966 venerunt,
1071 883 1155 947 iures
1170 886 1245 947 sunt
1256 886 1288 946 et

121 985 288 1052 latrones⁸.

191 1091 409 1156 Gnosticorum
422 1089 564 1155 haeresis
581 1089 619 1154 de
635 1091 824 1176 supradictis
839 1090 1033 1173 haeresibus,
1047 1089 1080 1154 id
1095 1094 1145 1154 est
1157 1086 1287 1169 Nicolai,
1305 1099 1357 1151 cto
1370 1096 1408 1140 Vt

121 1191 283 1276 Basilidis,
298 1193 477 1276 Marcionis,
491 1192 578 1257 velut
592 1213 631 1258 ex
644 1193 794 1258 feralibus
810 1193 998 1279 quibusdam
1011 1191 1147 1257 malitiae
1160 1190 1288 1256 semini-

122 1297 186 1361 bus
201 1299 448 1383 impurissimum
468 1315 581 1382 corpus
603 1303 746 1361 exortum
766 1303 823 1362 est.
857 1295 921 1362 Sed
936 1303 968 1360 et
982 1295 1211 1376 ¹Maniclraeos,
1231 1313 1288 1378 po·

125 1401 275 1464 statiores
290 1399 366 1465 licet
375 1407 526 1486 tempore,
541 1402 574 1464 in
587 1397 697 1463 endem
710 1401 889 1485 impuritate
899 1401 1059 1464 invenitur
1069 1399 1287 1486 praecessisse.

126 1501 276 1568 Omnium
298 1503 382 1568 enirn
404 1506 535 1568 istorum
561 1501 769 1588 limporicacis
790 1503 889 1568 unius
910 1505 945 1567 iu
967 1523 1000 1568 se
1025 1505 1124 1568 utitur
1148 1502 1288 1566 venenis.

124 1605 231 1670 Habet
244 1613 408 1692 praeterea
422 1611 454 1670 et
467 1607 611 1692 propriae
626 1605 764 1670 malitiae
779 1605 939 1690 aliquanta
952 1604 1128 1670 vernacula
1151 1605 1188 1668 ln
1204 1609 1287 1668 cete-

125 1711 171 1774 ris
188 1711 271 1774 enim
286 1707 510 1774 assertionibus
526 1727 598 1772 cum
612 1707 800 1793 supradictis
816 1711 969 1792 congruit,
985 1714 1090 1772 cetera
1103 1713 1207 1772 autem
1222 1708 1288 1772 eius

127 1813 219 1895 quasi
229 1809 396 1898 ³spocialia
406 1811 484 1876 haec
493 1817 576 1894 sunt,
589 1830 667 1894 quae
675 1811 896 1876 Irenaeus¹ita
903 1813 1056 1896 exposuit.
1077 1810 1163 1874 Dicit
1173 1811 1288 1896 quippe

125 1913 206 1978 lraec
221 1913 359 1980 haeresis
375 1918 514 1979 animam
529 1934 592 1978 non
612 1934 757 1998 peccare,
777 1933 872 1998 quem
894 1913 961 1978 vult
981 1912 1030 1977 dei
1051 1933 1120 1978 esse
1141 1913 1286 1978 substau-

126 2017 215 2099 tiam,
232 2018 286 2083 sed
299 2039 336 2082 ex
349 2019 504 2082 contraria
522 2022 554 2080 et
570 2015 673 2080 aliena
683 2017 860 2082 substantia
871 2016 1049 2082 ‘assumere
1061 2015 1155 2082 aliam
1166 2019 1288 2080 abraam

126 2122 281 2202 animam,
302 2127 334 2184 et
356 2141 468 2206 corpus
489 2125 662 2200 terrenum,
684 2139 777 2204 quarn
792 2125 906 2185 vocant
919 2120 1089 2204 malignam
1105 2125 1136 2183 et
1156 2117 1287 2184 diaboli·

127 2241 210 2304 cam,
226 2229 267 2304 et,
282 2225 351 2309 ipsa
366 2223 440 2288 dum
455 2243 544 2287 snam
560 2223 700 2306 sequitur
714 2229 876 2306 naturam,
896 2243 952 2308 per
971 2245 1005 2288 sc
1026 2243 1138 2309 corpus
1157 2241 1288 2309 peccare

126 2331 303 2404 terrenum3
318 2327 442 2391 ⁵cetera
456 2325 578 2388 animae
599 2323 723 2388 divinae
744 2309 948 2392 substantiae.
984 2325 1024 2391 Et
1043 2347 1099 2412 per
1117 2323 1194 2390 haec
1213 2326 1290 2390 fauit

128 2427 233 2492 locum
249 2431 313 2492 suis
329 2429 473 2514 turpibus
489 2427 733 2511 execrandisque
748 2431 916 2514 mysteriis,
932 2432 965 2493 in
980 2429 1093 2514 quibus
1107 2450 1164 2514 per
1175 2431 1287 2494 oratio·

127 2547 203 2596 nem
217 2533 371 2614 magicam
386 2551 512 2596 suorum
526 2533 777 2598 invocationibus
791 2535 890 2596 utitur
911 2531 1108 2616 angelorum,
1128 2533 1181 2617 qui
1200 2530 1287 2596 ‘crc-

128 2631 211 2696 ando
226 2654 283 2718 per
298 2633 467 2699 adventum
487 2655 579 2698 suum
600 2634 704 2700 dicata
724 2633 799 2700 olim
819 2633 979 2718 gehennoe
1000 2655 1130 2722 corpora
1143 2637 1287 2700 ministe-

127 2735 211 2802 rium
226 2735 399 2820 religiosae,
413 2744 450 2801 ut
464 2737 525 2802 sibi
539 2737 673 2820 videtur,
688 2738 872 2823 perditionis
887 2737 1092 2804 inflamment.
1121 2737 1168 2802 De
1184 2743 1287 2803 cetero

127 2837 226 2924 pudet
240 2837 343 2904 dicere
359 2861 452 2924 qnam
469 2840 677 2905 execrabilem
692 2839 753 2904 sibi
767 2841 913 2906 iniuriam
932 2861 989 2926 per
1009 2860 1066 2906 sua
1084 2844 1222 2906 inierunt
1235 2861 1287 2906 sa-

128 2949 299 3006 cramenta.
322 2944 489 3008 Praeterea
503 2942 580 3007 haec
596 2962 674 3026 quae
689 2943 837 3009 videntur
852 2946 900 3027 egi
917 2943 966 3008 dei
982 2943 1109 3008 alterins
1124 2949 1289 3030 potestate,

126 3048 301 3110 tonitruum
317 3049 438 3111 sonitus
454 3067 544 3111 voces
560 3046 747 3112 daemonum
762 3065 831 3112 esse
848 3047 1038 3130 contingunt.
1060 3045 1178 3112 Dicunt
1194 3047 1289 3112 etiam

126 3151 225 3212 istum
239 3147 410 3232 malignum
427 3149 519 3214 deum
533 3149 733 3214 venientibus
753 3151 917 3215 animabus
936 3171 993 3238 per
1013 3149 1179 3237 dispositas
1200 3151 1289 3236 quasi

127 3249 379 3336 'principatuum
394 3251 524 3316 insidias
539 3251 740 3338 ⁸perditionis
755 3252 883 3337 laqueos
898 3274 1092 3339 praeparare,
1107 3260 1139 3318 et
1152 3275 1208 3340 per
1222 3257 1288 3320 sin-

127 3353 203 3436 gon
217 3373 357 3438 quaeque
373 3353 529 3420 caelorum
543 3353 613 3420 loca
627 3355 746 3422 eisdem
760 3356 945 3441 perditionis
960 3353 1091 3422 ⁹munus
1103 3357 1223 3438 olierre,
1237 3379 1288 3422 as·

129 3457 255 3540 signare
271 3457 365 3522 etiam
380 3457 499 3521 eisdem
515 3456 655 3541 decreta,
673 3479 752 3543 quae
769 3457 960 3544 compleant,
975 3461 1081 3544 sicque
1097 3461 1142 3524 eis
1158 3459 1289 3544 caelum,

128 3557 288 3624 caelorum
304 3559 458 3643 cardines,
473 3562 563 3644 signa
578 3567 609 3625 et
623 3563 783 3646 signorum
805 3561 955 3628 circulum
969 3582 1038 3628 esse
1054 3564 1236 3645 contrarios,
1252 3585 1289 3629 ac

180 3743 204 3798 3.
216 3751 337 3798 naturam
354 3743 431 3800 huius
443 3747 548 3800 luminis
560 3749 706 3802 tordistiuote
717 3752 744 3800 iu
762 3751 821 3804 edit.
835 3747 901 3801 Meo.
952 3748 977 3801 4.
989 3749 1142 3819 particulam
1155 3749 1259 3804 Coteler.
1272 3751 1289 3804 l.

128 3815 147 3868 l.
167 3815 294 3883 particula
308 3815 376 3868 Meu.
444 3815 468 3870 5.
487 3831 566 3885 quam
583 3816 687 3869 Octobr.
705 3819 747 3870 dl.
766 3833 843 3886 quem
859 3818 926 3870 Mea
996 3817 1020 3870 6.
1032 3818 1077 3872 sed
1090 3819 1194 3874 Gctelcr.
1205 3821 1222 3874 l.
1236 3821 1253 3874 l.
1264 3825 1290 3872 et

127 3881 197 3936 Heu.
216 3883 249 3934 Iu
261 3883 383 3936 Mcuardl
394 3885 458 3936 libro
470 3887 616 3936 indistincte
628 3887 721 3953 ἱερέων
732 3891 851 3955 exparte
864 3883 1053 3955 blasphemant.

182 3951 245 4020 Cap.
258 3951 301 4004 vl.
313 3981 346 3990 -
370 3953 391 4004 l.
403 3949 572 4005 ltlauiclraeos
585 3971 637 4020 epo.
658 3951 805 4008 Manichaei
816 3953 882 4006 Meu.
935 3954 958 4006 2.
971 3955 1127 4025 impuritatis
1140 3974 1192 4023 epo.
1204 3956 1288 4026 impu·

127 4019 273 4072 ritasMcn.
329 4019 353 4072 3.
365 4021 494 4090 specialia.
516 4019 586 4075 Haeo
603 4027 665 4074 suut
681 4024 810 4073 distiorctio
827 4031 865 4074 est
880 4025 951 4092 opud
966 4023 1125 4078 Mencrdom.
1177 4023 1289 4079 ⁴lassu·

128 4103 210 4140 mere.
227 4089 313 4140 Aliam
325 4091 453 4140 distinctio
465 4099 502 4140 est
513 4091 584 4157 opud
593 4088 661 4142 cloio.
717 4089 742 4142 5.
755 4095 840 4142 uetera
851 4091 939 4144 aalma
950 4091 1017 4144 Men.
1028 4092 1289 4161 Reacrtbmdumsor·

129 4166 198 4208 tout
210 4162 324 4210 ceterum
337 4157 460 4210 animam.
513 4157 536 4210 s.
550 4159 733 4226 seponendum,
745 4160 870 4226 sciscitor,
881 4159 1028 4212 recreando.
1080 4160 1104 4214 Ἰ.
1116 4161 1289 4231 principatum

128 4225 199 4280 Men.
252 4223 276 4278 8.
289 4225 426 4295 perditioni
437 4227 505 4280 Meu.
562 4227 586 4280 9.
598 4225 914 4295 Rescribeudomjortuere
925 4243 1018 4282 manus
1030 4228 1132 4284 interra

163 4395 226 4466 Gap.
238 4395 268 4448 V.
281 4425 315 4435 -
327 4413 350 4449 a.
363 4397 524 4464 etlatrones]
541 4394 594 4448 loh.
603 4395 638 4462 X,
647 4393 671 4450 8.
733 4397 798 4450 illud
815 4397 846 4450 de
864 4397 984 4468 opinione
1019 4400 1177 4464 notandam,
1199 4407 1289 4455 contra

164 4463 225 4534 Cap.
238 4463 280 4522 lll.
291 4495 323 4503 -
340 4481 363 4516 a.
373 4464 493 4518 irenaeus
526 4463 624 4518 Locum
638 4465 683 4518 ubl
734 4415 1289 4540 duodecimsignatotidempatriarcbasesse

127 4531 250 4586 irenaeus
283 4531 345 4584 hooc
373 4534 507 4586 tradiderit
538 4531 604 4588 milri
630 4551 683 4586 non
733 4535 880 4616 dispositos,
889 4543 1025 4606 ceteraque
1034 4533 1137 4604 similia,
1150 4553 1216 4610 quae
1226 4555 1289 4610 pau·

128 4603 214 4670 magis
232 4601 389 4671 mvestigare
410 4603 519 4672 contigit
539 4618 618 4673 quam
638 4601 683 4658 ubi
733 4603 759 4658 lo
769 4603 838 4658 rutra
849 4603 981 4675 leguntur.
