3112 4986
527 243 889 316 remansissemus
1205 273 1266 340 209

101 433 242 498 Divinas
256 433 341 498 euim
355 433 487 498 virtutes
501 407 653 516 quantum
668 435 799 517 possunt
813 431 929 494 imitari
943 447 977 494 se
991 433 1119 514 putant,
1137 433 1175 494 ιι
1191 449 1266 514 pur·

102 541 185 618 gent
199 535 250 600 dei
266 537 314 602 sui
329 541 464 620 partem;
484 555 577 620 quam
596 535 750 621 prolecto,
769 535 851 598 sieut
868 535 902 598 in
921 531 1066 598 omnibus
1085 532 1266 616 corporibus

102 638 296 704 caelestibus
313 644 345 704 et
358 639 574 720 terrestribus,
589 645 681 723 atque
697 641 729 702 iu
745 639 884 702 omnium
898 655 1002 700 rerum
1017 635 1204 718 seminibus,
1222 638 1267 702 ita

102 749 137 806 et
153 744 190 806 in
209 742 345 807 hominis
365 744 484 808 semine
504 743 604 806 teneri
625 743 806 806 existimant
825 741 1029 824 inquinatam.
1066 739 1111 804 Ac
1131 759 1187 824 per
1207 739 1267 804 hoe

103 847 250 928 sequitur
265 865 329 927 eos,
343 849 378 908 ut
392 847 437 912 sic
453 866 523 910 eam
538 847 632 908 etiam
647 843 684 908 de
700 845 818 908 semiue
832 842 984 924 humano,
1005 841 1267 926 quemadmodum

104 946 146 1012 de
163 946 234 1012 aliis
250 949 422 1013 seminibus
438 969 515 1032 quae
531 951 564 1012 in
578 947 735 1012 alimentis
751 951 888 1028 sumunt,
904 945 1039 1010 debeant
1048 943 1265 1010 manducando

104 1069 252 1135 purgare.
288 1050 378 1116 Unde
402 1053 497 1117 etiam
519 1045 710 1118 Catharistae
732 1049 944 1134 appellantur,
966 1051 1055 1132 quasi
1076 1054 1266 1134 purgatores,

104 1158 199 1216 tanta
213 1173 282 1216 eam
296 1161 463 1237 purgantes
479 1153 651 1236 diligentia,
666 1159 702 1218 ut
717 1173 750 1218 se
765 1173 823 1218 nec
838 1153 877 1218 ab
893 1151 952 1216 hac
964 1158 1029 1216 tarn
1039 1150 1193 1218 horrenda
1204 1150 1267 1218 cibi

104 1254 303 1340 turpitudine
318 1256 507 1322 abstineant.
540 1254 605 1320 Nec
625 1261 794 1322 vescuntur
813 1261 919 1320 tamen
939 1256 1099 1337 carnibus,
1117 1262 1268 1341 tauquam
1371 1339 1375 1345 .

106 1357 147 1423 de
162 1361 294 1424 mortuis
309 1359 359 1424 vel
374 1361 486 1424 occisis
501 1360 613 1441 fugerit
628 1357 735 1422 divina
750 1357 940 1440 substantia,
955 1365 1137 1442 tantumque
1153 1378 1190 1423 ao
1204 1355 1266 1422 tale

106 1460 182 1526 inde
197 1465 399 1544 remanserit,
420 1461 503 1546 quod
523 1465 584 1526 iam
605 1460 735 1544 dignum
748 1481 812 1526 non
827 1463 868 1524 sit
883 1459 1053 1528 electorum
1066 1467 1175 1528 ventre
1189 1481 1265 1547 pur-

106 1566 184 1647 gari.
207 1563 271 1630 Neo
291 1585 349 1632 eva
362 1564 475 1630 saltem
489 1570 631 1646 sumunt,
651 1565 740 1647 quasi
761 1570 792 1628 ct
811 1565 880 1648 ipsa
894 1585 965 1630 eum
978 1565 1163 1648 franguntur
1178 1567 1265 1650 expi-
1356 1611 1358 1616 .

106 1674 189 1748 rent,
203 1687 263 1732 nec
279 1673 418 1752 oporteat
430 1665 521 1732 ⁹ullis
535 1668 667 1732 mortuis
683 1666 864 1751 corporibus
878 1669 974 1750 vesci,
989 1673 1021 1732 et
1035 1667 1093 1734 hoc
1105 1666 1207 1734 solum
1217 1669 1265 1734 ui-

106 1776 162 1834 vat
176 1789 215 1834 ex
230 1791 322 1836 carue
339 1769 420 1854 quod
435 1770 546 1852 lanua,
561 1771 772 1851 nemoriatur,
788 1769 951 1852 excipitur.
974 1769 1037 1836 Sed
1048 1791 1106 1837 nec
1118 1771 1267 1840 alimonia

109 1871 201 1938 lactis
221 1878 368 1955 utuntur,
388 1875 531 1957 quamvis
552 1873 591 1938 de
612 1893 739 1958 corpore
758 1873 928 1938 animantis
947 1875 1071 1938 vivente
1091 1873 1267 1958 mulgeatur

109 1978 176 2044 sive
198 1983 342 2060 sagatum
364 1997 427 2042 uon
447 1979 520 2060 quia
539 1981 652 2061 putant
672 1975 795 2042 divinae
814 1973 1008 2042 substantiae
1027 1975 1106 2042 nihil
1127 1977 1172 2044 ibi
1196 1997 1266 2044 ease

109 2080 313 2164 permixtum,
333 2079 389 2146 sed
409 2081 481 2162 quia
502 2079 562 2144 sibi
582 2100 666 2144 error
686 2081 753 2164 ipse
768 2098 833 2144 non
848 2083 980 2144 constat.
1016 2078 1097 2146 Nam
1112 2085 1145 2145 et
1157 2081 1266 2146 dnum

109 2201 174 2248 non
187 2181 312 2264 bibunt,
328 2182 469 2248 ιιιιιιιι
484 2181 526 2248 fel
541 2203 610 2246 esse
625 2183 802 2268 principum
816 2181 1032 2263 tenebrarum,
1047 2203 1119 2248 cum
1132 2203 1265 2250 vescan-

108 2289 160 2350 tur
173 2287 252 2350 uvie.
274 2283 340 2350 Neo
354 2286 451 2350 musti
464 2284 592 2370 aliquid,
607 2283 658 2352 vel
672 2285 891 2366 recentissimi,
907 2285 1042 2352 sorbent.
1064 2286 1194 2352 Animae
1209 2306 1265 2352 au·
1345 2297 1347 2302 '

108 2385 245 2454 ditomm
260 2407 386 2455 suorum
404 2391 438 2452 in
458 2387 573 2452 eleetos
592 2385 709 2452 revolti
729 2387 935 2470 arbitrantur,
954 2393 1009 2452 aut
1027 2388 1164 2456 feliciore
1180 2409 1265 2457 com-

108 2488 221 2574 pendio
236 2493 271 2556 in
285 2513 372 2558 escas
389 2489 558 2558 electorum
572 2511 714 2572 suorum,
734 2483 769 2554 ut
786 2491 850 2556 iam
868 2488 941 2555 inde
961 2498 1111 2576 purgatae
1131 2495 1166 2557 in
1180 2491 1266 2558 nulla

109 2615 238 2681 corpora
251 2599 455 2661 revertantur.
478 2595 604 2660 Ceteras
617 2599 722 2660 autem
737 2595 856 2658 animas
871 2599 903 2658 et
916 2595 950 2658 iu
965 2615 1077 2678 pecora
1090 2594 1192 2662 redire
1205 2615 1264 2682 pu·

109 2703 187 2779 taut,
202 2697 265 2763 ¹⁰et
278 2699 312 2764 iu
328 2700 432 2762 omnia
447 2717 524 2781 quae
539 2696 696 2764 radicibus
711 2697 773 2762 fixa
787 2700 861 2760 sunt
875 2700 967 2780 atque
982 2697 1108 2764 aluntur
1121 2700 1157 2764 in
1173 2704 1263 2764 terra.

107 2799 229 2866 Herbas
250 2802 334 2866 enirn
355 2807 447 2884 atque
467 2799 593 2866 arbores
607 2802 654 2864 sio
669 2803 781 2885 putant
793 2800 914 2882 vivere,
935 2805 971 2864 ut
989 2803 1087 2868 vitam
1106 2821 1187 2886 quae
1200 2801 1264 2868 illis

107 2905 190 2968 inest
204 2909 237 2968 et
251 2905 367 2970 sentiro
379 2903 507 2968 credant
522 2901 972 2986 aodotorooum¹11aoduntur,
986 2924 1046 2970 nec
1062 2903 1180 2990 aliquid
1189 2903 1264 2972 inde

108 3009 175 3072 siue
191 3008 329 3074 cruciatu
344 3027 451 3072 eorum
466 3027 653 3091 quemquam
666 3026 759 3091 posse
775 3004 889 3072 vellere
903 3012 958 3072 aut
972 3025 1108 3093 carpere.
1134 3007 1265 3095 Propter

109 3107 190 3193 quod
205 3112 420 3194 agrurn-etiam
431 3111 531 3194 spinis
542 3126 673 3195 purgare
685 3111 772 3176 nelos
784 3107 909 3174 habent.
931 3106 1023 3176 Unde
1034 3109 1265 3194 agriculturam,

108 3232 186 3296 quae
201 3215 342 3278 omnium
355 3215 471 3278 artium
485 3219 533 3277 est
548 3214 819 3295 innocentissima,
838 3217 990 3295 tanquam
1007 3213 1145 3298 plurium
1162 3212 1263 3281 homi-

108 3314 261 3382 cidiorum
276 3336 361 3380 ream
376 3315 537 3382 dementes
553 3321 715 3394 accusant,
735 3317 862 3398 suisque
882 3314 1075 3381 auditoribus
1095 3317 1165 3382 ideo
1187 3316 1264 3382 haee

107 3417 298 3484 arbitrantur
312 3420 442 3502 ignosci,
457 3421 531 3502 quia
543 3419 694 3503 praebent
707 3415 781 3482 inde
796 3417 946 3483 abmenta
959 3417 1067 3484 electis
1078 3422 1155 3504 suis,
1169 3427 1205 3486 ιιι
1216 3419 1264 3486 di·

106 3523 180 3588 vina
193 3520 249 3588 illa
263 3521 438 3586 substantia
452 3523 486 3586 in
501 3541 606 3586 eornm
626 3525 735 3587 ventre
749 3525 881 3606 purgata
899 3521 1045 3604 impetret
1064 3524 1110 3588 eis
1129 3524 1265 3606 ueniam,

108 3643 240 3708 quorum
259 3623 393 3690 traditur
413 3623 569 3688 oblatione
589 3621 757 3708 purganda.
794 3623 903 3704 Itaque
927 3625 989 3707 ipsi
1007 3623 1116 3707 electi,
1134 3625 1213 3692 nihil
1230 3627 1265 3692 iu

106 3729 189 3810 agris
204 3733 380 3812 operantes,
395 3747 454 3794 neo
468 3747 561 3812 poma
576 3731 754 3811 carpentes,
773 3744 832 3790 nec
854 3723 965 3790 saltem
980 3725 1053 3792 lolia
1066 3728 1132 3794 ulla
1145 3727 1263 3796 vellen·

107 3836 170 3911 tes,
191 3833 358 3915 expectant
376 3829 454 3894 haec
469 3829 573 3894 afferri
586 3829 696 3894 usibus
712 3830 776 3892 suis
791 3827 830 3891 ab
846 3825 1039 3892 auditoribus
1055 3833 1136 3913 auis,
1155 3833 1264 3896 viven-

106 3939 153 3998 tes
169 3930 208 3996 dc
224 3936 271 3997 tot
285 3953 322 3996 ac
341 3934 445 3996 tantis¹
458 3931 629 3996 secuudum
650 3951 738 3996 suam
757 3932 929 3996 uanitatem
947 3929 1125 3998 homicidiis
1142 3931 1263 4000 alienia.

106 4033 235 4102 lioneut
248 4037 342 4100 etiam
357 4034 484 4100 eosdem
495 4033 651 4100 auditores
663 4054 735 4098 suos
750 4039 796 4114 ut,
807 4035 834 4096 si
845 4039 1013 4098 vescuntur
1025 4034 1181 4117 carnibus,
1195 4039 1263 4102 ani-
1279 4101 1282 4108 ,

105 4135 202 4206 mulia
215 4157 278 4202 non
294 4137 447 4218 occidant,
462 4158 502 4202 ne
517 4135 674 4202 offendant
687 4137 845 4220 principes
859 4135 1058 4200 tenebrarum
1072 4139 1105 4201 in
1120 4137 1263 4206 caelesti·

107 4239 164 4308 bue
180 4239 352 4323 colligatos,
366 4261 385 4304 a
401 4241 513 4324 quibus
529 4259 655 4306 omnem
670 4257 796 4302 carnem
811 4237 920 4304 dicunt
932 4240 1084 4321 originem
1095 4239 1219 4325 ducere,
1231 4249 1264 4310 ct

150 4493 586 4580 .9.4ltqaotl189.illiamortuia
621 4493 741 4576 (Benedt
812 4493 850 4548 10.
866 4493 928 4548 Sola
944 4496 1003 4550 edit.
1021 4494 1119 4551 bocca.
1131 4503 1157 4552 st
1168 4499 1263 4566 omnia,

108 4584 194 4619 ιιιιιιι
205 4583 240 4620 ιι.
258 4562 380 4633 {Benedl
440 4563 477 4619 ll.
490 4560 523 4618 la
533 4563 606 4617 Mat.
617 4564 733 4626 laeditur.
751 4561 878 4632 (Benedl.

1033 4651 1063 4704 14
