3112 4986
273 294 333 362 198
774 287 927 336 auousrmr

142 467 192 520 cu
206 466 253 508 vu
334 449 565 534 Carpocratiani
585 451 660 514 suut
679 467 699 512 a
717 445 919 532 carpocrate,
939 447 994 532 qui
1014 447 1147 514 docebat
1165 467 1291 513 omnem
1307 453 1434 534 turpem

271 551 497 639 operationem,
517 569 703 634 omnemque
719 550 975 615 adinventionem
993 551 1137 638 peccati,
1152 571 1211 614 nec
1232 549 1323 614 aliter
1341 550 1434 614 evadi

271 662 364 738 atque
385 654 512 718 transiri
534 653 728 739 principatus
751 658 783 716 et
802 659 990 738 potestates,
1012 653 1125 737 quibus
1145 653 1223 717 haee
1238 652 1381 736 placent,
1399 659 1435 717 ut

271 758 369 844 possit
389 756 430 822 ad
451 755 572 822 caelum
592 755 735 840 superius
756 755 922 842 perveniri.
958 756 1018 822 Hic
1038 756 1134 820 etiam
1154 756 1259 820 lesum
1273 755 1434 820 hominem
1543 765 1544 788 ³

271 858 501 939 tantummode,
524 863 555 921 et
574 859 611 922 de
632 865 762 941 utroque
783 879 860 922 sexu
880 863 990 922 natum
1010 863 1137 943 putasse
1159 858 1356 942 perhibetur,
1377 857 1433 922 sed

271 963 430 1047 accepisse
445 961 541 1025 talem
556 959 696 1024 animam
711 980 790 1043 quae
806 961 902 1025 sciret
916 981 953 1024 aa
967 981 1045 1044 quae
1065 981 1199 1046 superna
1219 967 1326 1026 essent
1339 966 1433 1044 atque

271 1065 437 1130 nuntiaret.
460 1064 732 1130 Resurrectionem
748 1063 886 1148 corperis
901 1062 995 1127 simul
1007 1083 1079 1128 eum
1090 1063 1156 1145 lege
1168 1062 1347 1128 abiiciebat
1369 1063 1432 1128 Ne·

271 1169 364 1251 gabat
379 1189 398 1230 a
415 1167 472 1231 deo
487 1167 621 1246 factum,
637 1165 693 1232 sad
707 1185 726 1228 a
741 1165 847 1230 nescio
863 1166 978 1249 quibus
993 1165 1161 1230 virtutibus
1176 1164 1338 1232 mundum.
1376 1165 1432 1231 Se-

273 1277 340 1356 ctae
355 1269 454 1354 ipsius
470 1269 566 1333 luisse
580 1268 713 1332 traditur
729 1268 881 1351 quaedem
896 1267 1092 1350 Marcelline,
1113 1288 1190 1352 quae
1211 1267 1335 1334 colebat
1353 1268 1432 1334 ima-

272 1373 359 1456 gines
375 1373 446 1436 lesu
466 1379 497 1435 ct
510 1370 600 1436 Pauli
621 1375 653 1434 et
667 1371 794 1436 llemeri
815 1377 846 1435 et
859 1371 1053 1454 Pythagorae
1075 1369 1230 1436 adorande
1251 1371 1433 1436 incensum·

273 1497 332 1560 que
348 1475 502 1560 ponendo.
1035 1552 1038 1562 Ι

131 1593 181 1644 eur·
195 1593 254 1634 vlu
335 1578 527 1642 Cerinthiani
548 1598 567 1640 a
584 1575 730 1640 Cerintho
746 1575 892 1659 idemque
907 1574 1108 1641 Merinthiaui
1123 1595 1142 1640 a
1155 1573 1327 1657 Merintho,
1341 1596 1434 1642 mun·

273 1680 347 1746 dum
362 1680 401 1744 ah
416 1679 535 1762 augelis
551 1680 668 1743 lactum
683 1699 751 1742 csse
768 1677 920 1759 diceutes,
935 1683 968 1742 et
982 1699 1074 1742 carne
1087 1677 1270 1742 circumcidi
1282 1685 1435 1764 oportere,

272 1789 364 1868 atque
379 1782 441 1846 alia
454 1781 633 1846 huiusmodi
648 1781 724 1862 legis
740 1785 906 1865 praecepta
921 1780 1048 1844 servari.
1071 1780 1175 1846 lesum
1190 1779 1351 1846 hominem
1364 1787 1433 1846 tan·

273 1884 431 1973 tummode
447 1884 553 1965 fnisse,
568 1903 627 1948 neo
643 1883 861 1964 resurrexisse,
877 1881 933 1946 sed
947 1888 1194 1947 resurrecturum
1206 1890 1433 1950 asseverantes.

272 1987 356 2053 Mille
373 2007 493 2071 quoque
509 2007 608 2050 annos
628 1991 700 2071 post
719 1984 980 2050 resurrectionem
998 1984 1032 2049 in
1052 1991 1176 2051 terrene
1197 2005 1292 2067 regno
1308 1985 1435 2067 Christi,

274 2197 333 2274 tur,
349 2191 430 2256 unde
447 2195 540 2256 etiarn
556 2190 743 2256 ¹Chiliastee
759 2197 833 2256 sunt
848 2189 1008 2275 appellati.

157 2311 207 2362 cu·
220 2310 256 2352 uu
336 2293 484 2359 Nazaraei
501 2315 571 2359 cum
586 2294 637 2358 dei
652 2293 752 2360 filium
767 2294 974 2360 confiteantur
989 2313 1058 2358 esse
1074 2292 1242 2374 Christum,
1264 2295 1371 2358 emnia
1384 2301 1433 2358 ta·

274 2419 347 2464 men
362 2400 476 2464 veteris
491 2397 568 2480 legis
584 2397 767 2477 observant,
786 2416 864 2480 quae
880 2395 1049 2462 Christiani
1068 2416 1124 2481 per
1146 2395 1349 2482 apostolicam
1370 2403 1435 2461 tra·

274 2500 425 2566 ditionem
443 2521 507 2566 nen
530 2499 694 2569 ohservare
710 2499 891 2580 caruahter,
911 2499 967 2566 sed
982 2499 1164 2584 spiritaliter
1178 2498 1434 2582 intelligereldi·

274 2603 426 2670 dicerunt.

169 2723 218 2776 cnr·
231 2722 256 2764 L
335 2708 508 2773 Hebicnaei
524 2705 682 2770 Christum
696 2707 792 2770 etium
806 2703 1021 2770 tantummodo
1033 2703 1192 2770 hominem
1204 2703 1321 2770 dicum
1343 2703 1435 2770 uan-

274 2811 346 2876 data
362 2809 498 2874 carnalia
512 2809 588 2892 legis
602 2809 778 2890 observant,
794 2809 1064 2872 circumcisionem
1075 2807 1199 2873 seilicet
1210 2809 1323 2888 carnis,
1338 2813 1371 2870 et
1382 2829 1435 2871 ce·

274 2919 341 2978 tera
360 2935 379 2976 a
400 2933 531 2996 quorum
551 2911 697 2976 oneribus
717 2931 773 2996 per
792 2929 908 2976 nevum
926 2915 1149 2976 testamentum
1170 2910 1293 2975 liberati
1316 2929 1435 2974 sumus.

274 3016 354 3079 Huic
376 3013 498 3078 haeresi
513 3013 705 3098 Epiphanius
722 3013 907 3098 Sampsueos
928 3019 959 3076 et
978 3013 1158 3078 lElcesaeos
1179 3015 1224 3076 ita
1239 3010 1380 3096 copulat,
1402 3019 1438 3076 ut

275 3117 333 3182 sub
350 3116 460 3180 eodem
475 3137 604 3180 numere
620 3123 770 3199 tauquam
784 3137 848 3181 una
860 3117 904 3182 sit
917 3115 1054 3180 haeresis
1070 3122 1180 3200 ponat,
1195 3114 1314 3198 aliquid
1328 3120 1438 3180 temen

276 3223 426 3284 interesse
438 3220 629 3300 significans,
640 3221 783 3302 quamvis
795 3221 869 3282 etin
882 3219 1144 3304 consequentibus
1156 3218 1301 3302 loquatur
1311 3217 1350 3282 de
1362 3217 1438 3300 illis,

170 3369 174 3384 .
275 3343 394 3408 ponens
411 3343 462 3386 ees
479 3321 537 3386 sub
553 3342 683 3386 numere
696 3341 761 3386 suo.
798 3320 968 3386 ²Eusebius
989 3342 1061 3386 vero
1075 3321 1301 3386 Elcesaitarum
1316 3327 1438 3386 sectam

277 3445 524 3490 commemorans
545 3424 640 3488 fidem
659 3426 693 3488 in
712 3426 929 3509 persecutione
945 3423 1021 3488 dicit
1035 3423 1210 3508 negandam
1226 3422 1385 3505 decuisse,
1405 3429 1439 3490 et

276 3530 308 3592 in
324 3527 416 3592 eorde
433 3527 627 3592 servandam.

157 3647 208 3698 Cu·
221 3647 257 3688 uu
337 3629 549 3696 Valentiniani
564 3651 582 3692 a
597 3627 777 3708 Valentino,
796 3631 849 3712 qui
869 3628 907 3693 de
923 3634 1034 3694 notura
1052 3649 1155 3694 rerum
1174 3628 1274 3694 multa
1293 3628 1438 3696 fabulosa

276 3733 436 3812 confinxit,
451 3734 578 3814 triginta
593 3731 727 3812 Aconas,
742 3731 774 3794 id
790 3738 838 3794 est
852 3731 958 3795 secula
972 3751 1116 3796 assereus
1131 3734 1288 3812 extitisse,
1304 3752 1437 3815 quorum

275 3836 464 3920 principium
484 3855 552 3896 esse
567 3833 760 3898 Profundum
781 3839 812 3896 et
827 3815 1007 3916 Silentium,
1029 3833 1111 3918 quod
1125 3833 1317 3898 Profundum
1340 3837 1436 3900 etiam

215 3931 219 3942 '
275 3936 400 4002 Patrem
415 3935 582 4021 ¹appcllat.
608 3933 655 4002 Ex
670 3935 783 4020 quibus
799 3935 919 4002 duobus
934 3937 1020 4001 velut
1035 3959 1073 4002 ex
1088 3937 1229 4020 coniugio
1244 3939 1436 4021 precessisse

287 4172 308 4226 B
343 4105 405 4241 Cap.
419 4105 485 4160 vffl.
498 4135 531 4146 -
550 4106 572 4159 1.
585 4103 723 4160 Chillastae
735 4111 796 4159 sunt
807 4105 947 4178 appellati]
973 4105 1035 4159 Vide
1047 4105 1090 4159 ea
1100 4103 1161 4159 XX.
1175 4107 1206 4160 de
1218 4105 1331 4158 GiaDer'
1343 4123 1402 4178 cop.
1412 4108 1435 4160 7.

276 4174 283 4242 i
310 4174 404 4311 enCiip.
417 4241 462 4295 lx.
475 4273 508 4282 -
528 4243 550 4295 l.
562 4242 715 4309 didicerunt]
745 4241 808 4296 Vide
821 4245 863 4296 lib.
877 4243 899 4296 1.
913 4253 1003 4296 contro
1016 4242 1175 4295 Crescentem
1188 4261 1245 4312 cop.
1257 4242 1300 4294 31.
1313 4243 1434 4312 (Baued.)

342 4311 403 4380 Cap.
417 4311 451 4365 X.
465 4339 498 4349 -
522 4312 543 4362 l.
562 4313 594 4363 Ia
616 4316 725 4379 antiquie
747 4313 875 4364 codicibus
896 4317 1016 4381 scropham
1036 4316 1175 4384 reperimur
1198 4329 1252 4363 cum
1326 4317 1436 4364 irah'eae

275 4377 488 4509 {dilsadds’lfed
498 4379 839 4565 prppc'gelcesdmmcm
850 4381 1060 4434 Halceseitarum.
1086 4379 1206 4450 (Bened.)
1258 4379 1282 4434 2.
1315 4381 1434 4448 uastius]

344 4513 405 4582 Cap.
417 4513 463 4566 XI.
475 4541 509 4554 -·
550 4514 753 4580 Mardonium,
770 4517 927 4570 Celtartr'ava
939 4527 963 4569 et
979 4517 1122 4570 Vaticanus
1135 4519 1213 4570 ceder
1229 4517 1340 4570 addunt.-
1358 4518 1437 4572 silen-

278 4580 342 4632 tium
354 4587 469 4634 matrem.
497 4581 616 4650 (Beued.)
