<?xml version="1.0" encoding="UTF-8"?>
<!DOCTYPE html PUBLIC "-//W3C//DTD XHTML 1.0 Transitional//EN"
    "http://www.w3.org/TR/xhtml1/DTD/xhtml1-transitional.dtd">
<html xmlns="http://www.w3.org/1999/xhtml" xml:lang="en" lang="en">
 <head>
  <title>
</title>
<meta http-equiv="Content-Type" content="text/html;charset=utf-8" />
  <meta name='ocr-system' content='tesseract 3.04.00' />
  <meta name='ocr-capabilities' content='ocr_page ocr_carea ocr_par ocr_line ocrx_word'/>
</head>
<body>
  <div class='ocr_page' id='page_1' title='image "./corporishaerese04oehlgoog_0301.png"; bbox 0 0 3120 4994; ppageno 0'>
   <div class='ocr_carea' id='block_1_1' title="bbox 275 273 1018 340">
    <p class='ocr_par' dir='ltr' id='par_1_1' title="bbox 275 273 1018 340">
     <span class='ocr_line' id='line_1_1' title="bbox 275 273 1018 340; baseline 0.003 -24"><span class='ocrx_word' id='word_1_1' title='bbox 275 275 338 340; x_wconf 73' lang='lat'><strong>273</strong></span> <span class='ocrx_word' id='word_1_2' title='bbox 700 273 1018 318; x_wconf 70' lang='lat' dir='ltr'><strong>rmnuorsnrnanrasr</strong></span> 
     </span>
    </p>
   </div>
   <div class='ocr_carea' id='block_1_2' title="bbox 111 429 1555 3915">
    <p class='ocr_par' dir='ltr' id='par_1_2' title="bbox 111 429 1555 3915">
     <span class='ocr_line' id='line_1_2' title="bbox 276 429 1450 520; baseline 0.002 -24"><span class='ocrx_word' id='word_1_3' title='bbox 276 449 371 516; x_wconf 85' lang='lat' dir='ltr'><strong>quam</strong></span> <span class='ocrx_word' id='word_1_4' title='bbox 391 430 455 496; x_wconf 89' lang='lat' dir='ltr'><strong>dici</strong></span> <span class='ocrx_word' id='word_1_5' title='bbox 473 430 644 497; x_wconf 89' lang='lat' dir='ltr'><strong>Dominum</strong></span> <span class='ocrx_word' id='word_1_6' title='bbox 658 430 750 514; x_wconf 88' lang='lat' dir='ltr'><strong>dicit,</strong></span> <span class='ocrx_word' id='word_1_7' title='bbox 770 429 827 498; x_wconf 91' lang='lat' dir='ltr'><strong>sed</strong></span> <span class='ocrx_word' id='word_1_8' title='bbox 848 432 995 516; x_wconf 79' lang='lat' dir='ltr'>angelum</span> <span class='ocrx_word' id='word_1_9' title='bbox 1016 436 1116 520; x_wconf 91' lang='lat' dir='ltr'><strong>ponit.</strong></span> <span class='ocrx_word' id='word_1_10' title='bbox 1152 432 1236 498; x_wconf 73' lang='lat' dir='ltr'><strong>³lloc</strong></span> <span class='ocrx_word' id='word_1_11' title='bbox 1255 432 1324 498; x_wconf 86' lang='lat' dir='ltr'><strong>vult</strong></span> <span class='ocrx_word' id='word_1_12' title='bbox 1342 432 1450 500; x_wconf 83' lang='lat' dir='ltr'><strong>rideri</strong></span> 
     </span>
     <span class='ocr_line' id='line_1_3' title="bbox 275 533 1448 624; baseline 0.002 -24"><span class='ocrx_word' id='word_1_13' title='bbox 275 533 430 600; x_wconf 91' lang='lat' dir='ltr'><strong>mundum</strong></span> <span class='ocrx_word' id='word_1_14' title='bbox 444 536 623 600; x_wconf 91' lang='lat' dir='ltr'><strong>institutum</strong></span> <span class='ocrx_word' id='word_1_15' title='bbox 639 533 680 600; x_wconf 89' lang='lat' dir='ltr'><strong>ad</strong></span> <span class='ocrx_word' id='word_1_16' title='bbox 694 536 902 600; x_wconf 88' lang='lat' dir='ltr'><strong>imitationem</strong></span> <span class='ocrx_word' id='word_1_17' title='bbox 920 535 1031 600; x_wconf 90' lang='lat' dir='ltr'><strong>mnndi</strong></span> <span class='ocrx_word' id='word_1_18' title='bbox 1050 537 1235 624; x_wconf 89' lang='lat' dir='ltr'><strong>superioris;</strong></span> <span class='ocrx_word' id='word_1_19' title='bbox 1254 538 1306 601; x_wconf 93' lang='lat' dir='ltr'><strong>cni</strong></span> <span class='ocrx_word' id='word_1_20' title='bbox 1324 535 1448 602; x_wconf 89' lang='lat' dir='ltr'><strong>mundo</strong></span> 
     </span>
     <span class='ocr_line' id='line_1_4' title="bbox 274 637 1450 726; baseline 0 -24"><span class='ocrx_word' id='word_1_21' title='bbox 274 639 497 726; x_wconf 78' lang='lat' dir='ltr'><strong>permiscuisse</strong></span> <span class='ocrx_word' id='word_1_22' title='bbox 517 638 761 723; x_wconf 79' lang='lat' dir='ltr'><strong>paenitentiam,</strong></span> <span class='ocrx_word' id='word_1_23' title='bbox 787 639 942 722; x_wconf 86' lang='lat' dir='ltr'><strong>quianon</strong></span> <span class='ocrx_word' id='word_1_24' title='bbox 961 637 1137 718; x_wconf 78' lang='lat' dir='ltr'><strong>illum,tam</strong></span> <span class='ocrx_word' id='word_1_25' title='bbox 1155 639 1292 724; x_wconf 86' lang='lat' dir='ltr'><strong>perfecte</strong></span> <span class='ocrx_word' id='word_1_26' title='bbox 1316 639 1450 704; x_wconf 80' lang='lat' dir='ltr'><strong>fecisset</strong></span> 
     </span>
     <span class='ocr_line' id='line_1_5' title="bbox 275 739 1448 828; baseline 0 -22"><span class='ocrx_word' id='word_1_27' title='bbox 275 761 370 828; x_wconf 90' lang='lat' dir='ltr'><strong>qnam</strong></span> <span class='ocrx_word' id='word_1_28' title='bbox 383 741 437 806; x_wconf 94' lang='lat' dir='ltr'><strong>ille</strong></span> <span class='ocrx_word' id='word_1_29' title='bbox 454 743 596 826; x_wconf 88' lang='lat' dir='ltr'><strong>superior</strong></span> <span class='ocrx_word' id='word_1_30' title='bbox 610 739 747 805; x_wconf 87' lang='lat' dir='ltr'><strong>mundus</strong></span> <span class='ocrx_word' id='word_1_31' title='bbox 763 743 926 806; x_wconf 90' lang='lat' dir='ltr'><strong>institutus</strong></span> <span class='ocrx_word' id='word_1_32' title='bbox 942 741 1062 807; x_wconf 87' lang='lat' dir='ltr'><strong>luisset.</strong></span> <span class='ocrx_word' id='word_1_33' title='bbox 1098 741 1214 826; x_wconf 84' lang='lat' dir='ltr'><strong>Legem</strong></span> <span class='ocrx_word' id='word_1_34' title='bbox 1228 747 1261 806; x_wconf 93' lang='lat' dir='ltr'><strong>et</strong></span> <span class='ocrx_word' id='word_1_35' title='bbox 1274 743 1448 828; x_wconf 81' lang='lat' dir='ltr'><strong>prophetas</strong></span> 
     </span>
     <span class='ocr_line' id='line_1_6' title="bbox 273 844 1447 930; baseline 0 -20"><span class='ocrx_word' id='word_1_36' title='bbox 273 845 429 930; x_wconf 83' lang='lat' dir='ltr'><strong>repudiet.</strong></span> <span class='ocrx_word' id='word_1_37' title='bbox 469 844 627 909; x_wconf 86' lang='lat' dir='ltr'><strong>Christum</strong></span> <span class='ocrx_word' id='word_1_38' title='bbox 642 849 743 928; x_wconf 85' lang='lat' dir='ltr'><strong>neque</strong></span> <span class='ocrx_word' id='word_1_39' title='bbox 758 846 792 908; x_wconf 92' lang='lat' dir='ltr'><strong>in</strong></span> <span class='ocrx_word' id='word_1_40' title='bbox 807 845 1024 930; x_wconf 77' lang='lat' dir='ltr'><strong>phantasmate</strong></span> <span class='ocrx_word' id='word_1_41' title='bbox 1041 844 1118 910; x_wconf 91' lang='lat' dir='ltr'><strong>dicit</strong></span> <span class='ocrx_word' id='word_1_42' title='bbox 1131 845 1244 927; x_wconf 84' lang='lat' dir='ltr'><strong>fuisse,</strong></span> <span class='ocrx_word' id='word_1_43' title='bbox 1264 847 1346 910; x_wconf 89' lang='lat' dir='ltr'><strong>sient</strong></span> <span class='ocrx_word' id='word_1_44' title='bbox 1359 845 1447 910; x_wconf 86' lang='lat' dir='ltr'><strong>blar-</strong></span> 
     </span>
     <span class='ocr_line' id='line_1_7' title="bbox 111 945 1448 1034; baseline -0.003 -18"><span class='ocrx_word' id='word_1_45' title='bbox 111 1007 118 1016; x_wconf 77' lang='grc'>.</span> <span class='ocrx_word' id='word_1_46' title='bbox 233 966 242 985; x_wconf 87' lang='grc'><strong>’·</strong></span> <span class='ocrx_word' id='word_1_47' title='bbox 275 951 356 1032; x_wconf 86' lang='lat' dir='ltr'><strong>cion,</strong></span> <span class='ocrx_word' id='word_1_48' title='bbox 371 967 473 1032; x_wconf 90' lang='lat' dir='ltr'><strong>neque</strong></span> <span class='ocrx_word' id='word_1_49' title='bbox 494 949 527 1012; x_wconf 92' lang='lat' dir='ltr'><strong>in</strong></span> <span class='ocrx_word' id='word_1_50' title='bbox 543 946 720 1012; x_wconf 86' lang='lat' dir='ltr'><strong>substantia</strong></span> <span class='ocrx_word' id='word_1_51' title='bbox 733 949 800 1012; x_wconf 86' lang='lat' dir='ltr'><strong>veri</strong></span> <span class='ocrx_word' id='word_1_52' title='bbox 820 949 975 1034; x_wconf 89' lang='lat' dir='ltr'><strong>corporis,</strong></span> <span class='ocrx_word' id='word_1_53' title='bbox 994 953 1030 1013; x_wconf 92' lang='lat' dir='ltr'><strong>ut</strong></span> <span class='ocrx_word' id='word_1_54' title='bbox 1048 946 1242 1030; x_wconf 84' lang='lat' dir='ltr'><strong>evangelium</strong></span> <span class='ocrx_word' id='word_1_55' title='bbox 1257 945 1365 1030; x_wconf 89' lang='lat' dir='ltr'><strong>dccet,</strong></span> <span class='ocrx_word' id='word_1_56' title='bbox 1386 947 1448 1012; x_wconf 89' lang='lat' dir='ltr'><strong>sed</strong></span> 
     </span>
     <span class='ocr_line' id='line_1_8' title="bbox 273 1049 1446 1138; baseline 0 -22"><span class='ocrx_word' id='word_1_57' title='bbox 273 1049 374 1133; x_wconf 86' lang='lat' dir='ltr'><strong>⁴ideo‚</strong></span> <span class='ocrx_word' id='word_1_58' title='bbox 393 1049 478 1136; x_wconf 93' lang='lat' dir='ltr'><strong>quod</strong></span> <span class='ocrx_word' id='word_1_59' title='bbox 493 1069 510 1115; x_wconf 91' lang='lat' dir='ltr'><strong>c</strong></span> <span class='ocrx_word' id='word_1_60' title='bbox 525 1050 739 1136; x_wconf 87' lang='lat' dir='ltr'><strong>superioribus</strong></span> <span class='ocrx_word' id='word_1_61' title='bbox 753 1051 896 1138; x_wconf 88' lang='lat' dir='ltr'><strong>partibus</strong></span> <span class='ocrx_word' id='word_1_62' title='bbox 912 1051 1127 1132; x_wconf 78' lang='lat' dir='ltr'><strong>descenderet,</strong></span> <span class='ocrx_word' id='word_1_63' title='bbox 1144 1053 1212 1136; x_wconf 92' lang='lat' dir='ltr'><strong>ipso</strong></span> <span class='ocrx_word' id='word_1_64' title='bbox 1229 1050 1384 1116; x_wconf 79' lang='lat' dir='ltr'><strong>descensu</strong></span> <span class='ocrx_word' id='word_1_65' title='bbox 1398 1053 1446 1116; x_wconf 91' lang='lat' dir='ltr'><strong>si·</strong></span> 
     </span>
     <span class='ocr_line' id='line_1_9' title="bbox 274 1153 1447 1220; baseline -0.002 0"><span class='ocrx_word' id='word_1_66' title='bbox 274 1153 402 1220; x_wconf 90' lang='lat' dir='ltr'><strong>deream</strong></span> <span class='ocrx_word' id='word_1_67' title='bbox 417 1153 479 1218; x_wconf 90' lang='lat' dir='ltr'><strong>sibi</strong></span> <span class='ocrx_word' id='word_1_68' title='bbox 494 1173 622 1219; x_wconf 83' lang='lat' dir='ltr'><strong>earnem</strong></span> <span class='ocrx_word' id='word_1_69' title='bbox 642 1159 674 1218; x_wconf 87' lang='lat' dir='ltr'><strong>et</strong></span> <span class='ocrx_word' id='word_1_70' title='bbox 688 1157 812 1219; x_wconf 90' lang='lat' dir='ltr'><strong>a&#39;c&#39;ream</strong></span> <span class='ocrx_word' id='word_1_71' title='bbox 826 1157 1041 1220; x_wconf 84' lang='lat' dir='ltr'><strong>contexuisse:</strong></span> <span class='ocrx_word' id='word_1_72' title='bbox 1063 1153 1146 1218; x_wconf 92' lang='lat' dir='ltr'><strong>hunc</strong></span> <span class='ocrx_word' id='word_1_73' title='bbox 1161 1156 1195 1219; x_wconf 92' lang='lat' dir='ltr'><strong>in</strong></span> <span class='ocrx_word' id='word_1_74' title='bbox 1216 1157 1447 1220; x_wconf 85' lang='lat' dir='ltr'><strong>resurrectione</strong></span> 
     </span>
     <span class='ocr_line' id='line_1_10' title="bbox 274 1255 1446 1342; baseline 0.001 -22"><span class='ocrx_word' id='word_1_75' title='bbox 274 1257 407 1340; x_wconf 80' lang='lat' dir='ltr'><strong>singulis</strong></span> <span class='ocrx_word' id='word_1_76' title='bbox 422 1255 599 1341; x_wconf 88' lang='lat' dir='ltr'><strong>quibusque</strong></span> <span class='ocrx_word' id='word_1_77' title='bbox 614 1255 779 1322; x_wconf 91' lang='lat' dir='ltr'><strong>elementis</strong></span> <span class='ocrx_word' id='word_1_78' title='bbox 800 1277 879 1342; x_wconf 85' lang='lat' dir='ltr'><strong>quae</strong></span> <span class='ocrx_word' id='word_1_79' title='bbox 900 1260 932 1322; x_wconf 93' lang='lat' dir='ltr'><strong>in</strong></span> <span class='ocrx_word' id='word_1_80' title='bbox 954 1256 1107 1322; x_wconf 88' lang='lat' dir='ltr'><strong>descensu</strong></span> <span class='ocrx_word' id='word_1_81' title='bbox 1127 1277 1183 1322; x_wconf 90' lang='lat' dir='ltr'><strong>sua</strong></span> <span class='ocrx_word' id='word_1_82' title='bbox 1201 1261 1346 1322; x_wconf 81' lang='lat' dir='ltr'><strong>mutuate</strong></span> <span class='ocrx_word' id='word_1_83' title='bbox 1364 1257 1446 1321; x_wconf 87' lang='lat' dir='ltr'><strong>fuis·</strong></span> 
     </span>
     <span class='ocr_line' id='line_1_11' title="bbox 275 1358 1447 1446; baseline 0 -22"><span class='ocrx_word' id='word_1_84' title='bbox 275 1365 346 1424; x_wconf 90' lang='lat' dir='ltr'><strong>sent</strong></span> <span class='ocrx_word' id='word_1_85' title='bbox 360 1359 394 1423; x_wconf 91' lang='lat' dir='ltr'><strong>in</strong></span> <span class='ocrx_word' id='word_1_86' title='bbox 409 1379 544 1424; x_wconf 91' lang='lat' dir='ltr'><strong>ascensu</strong></span> <span class='ocrx_word' id='word_1_87' title='bbox 558 1359 752 1443; x_wconf 88' lang='lat' dir='ltr'><strong>reddidisse,</strong></span> <span class='ocrx_word' id='word_1_88' title='bbox 772 1365 804 1424; x_wconf 91' lang='lat' dir='ltr'><strong>et</strong></span> <span class='ocrx_word' id='word_1_89' title='bbox 819 1362 864 1425; x_wconf 89' lang='lat' dir='ltr'><strong>sic</strong></span> <span class='ocrx_word' id='word_1_90' title='bbox 880 1359 1031 1445; x_wconf 86' lang='lat' dir='ltr'><strong>dispersis</strong></span> <span class='ocrx_word' id='word_1_91' title='bbox 1047 1358 1223 1445; x_wconf 89' lang='lat' dir='ltr'><strong>quibusque</strong></span> <span class='ocrx_word' id='word_1_92' title='bbox 1238 1361 1379 1446; x_wconf 91' lang='lat' dir='ltr'><strong>corporis</strong></span> <span class='ocrx_word' id='word_1_93' title='bbox 1394 1362 1447 1424; x_wconf 90' lang='lat' dir='ltr'><strong>sni</strong></span> 
     </span>
     <span class='ocr_line' id='line_1_12' title="bbox 275 1461 1443 1548; baseline 0 -22"><span class='ocrx_word' id='word_1_94' title='bbox 275 1463 417 1548; x_wconf 87' lang='lat' dir='ltr'><strong>partibus</strong></span> <span class='ocrx_word' id='word_1_95' title='bbox 433 1465 467 1526; x_wconf 91' lang='lat' dir='ltr'><strong>in</strong></span> <span class='ocrx_word' id='word_1_96' title='bbox 483 1461 568 1527; x_wconf 86' lang='lat' dir='ltr'><strong>ceelc</strong></span> <span class='ocrx_word' id='word_1_97' title='bbox 584 1464 731 1547; x_wconf 90' lang='lat' dir='ltr'><strong>spiritum</strong></span> <span class='ocrx_word' id='word_1_98' title='bbox 745 1467 869 1527; x_wconf 87' lang='lat' dir='ltr'><strong>tanturn</strong></span> <span class='ocrx_word' id='word_1_99' title='bbox 883 1462 1069 1528; x_wconf 88' lang='lat' dir='ltr'><strong>reddidisse.</strong></span> <span class='ocrx_word' id='word_1_100' title='bbox 1105 1463 1164 1526; x_wconf 90' lang='lat' dir='ltr'><strong>Hic</strong></span> <span class='ocrx_word' id='word_1_101' title='bbox 1185 1461 1287 1528; x_wconf 87' lang='lat' dir='ltr'><strong>carnis</strong></span> <span class='ocrx_word' id='word_1_102' title='bbox 1302 1482 1443 1538; x_wconf 79' lang='lat' dir='ltr'><strong>resurre-</strong></span> 
     </span>
     <span class='ocr_line' id='line_1_13' title="bbox 275 1564 1443 1651; baseline 0.002 -22"><span class='ocrx_word' id='word_1_103' title='bbox 275 1567 412 1630; x_wconf 87' lang='lat' dir='ltr'><strong>ctionem</strong></span> <span class='ocrx_word' id='word_1_104' title='bbox 426 1569 530 1648; x_wconf 84' lang='lat' dir='ltr'><strong>negat.</strong></span> <span class='ocrx_word' id='word_1_105' title='bbox 568 1564 640 1632; x_wconf 90' lang='lat' dir='ltr'><strong>Solo</strong></span> <span class='ocrx_word' id='word_1_106' title='bbox 655 1568 754 1630; x_wconf 91' lang='lat' dir='ltr'><strong>utitur</strong></span> <span class='ocrx_word' id='word_1_107' title='bbox 769 1571 801 1630; x_wconf 88' lang='lat' dir='ltr'><strong>et</strong></span> <span class='ocrx_word' id='word_1_108' title='bbox 815 1565 966 1651; x_wconf 84' lang='lat' dir='ltr'><strong>apostolo,</strong></span> <span class='ocrx_word' id='word_1_109' title='bbox 981 1565 1038 1631; x_wconf 92' lang='lat' dir='ltr'><strong>sed</strong></span> <span class='ocrx_word' id='word_1_110' title='bbox 1053 1565 1240 1647; x_wconf 81' lang='lat' dir='ltr'><strong>Marcionis,</strong></span> <span class='ocrx_word' id='word_1_111' title='bbox 1260 1564 1295 1630; x_wconf 90' lang='lat' dir='ltr'><strong>id</strong></span> <span class='ocrx_word' id='word_1_112' title='bbox 1315 1570 1443 1631; x_wconf 87' lang='lat' dir='ltr'><strong>estnon</strong></span> 
     </span>
     <span class='ocr_line' id='line_1_14' title="bbox 274 1667 1444 1752; baseline 0 -20"><span class='ocrx_word' id='word_1_113' title='bbox 274 1673 348 1732; x_wconf 90' lang='lat' dir='ltr'><strong>tcto.</strong></span> <span class='ocrx_word' id='word_1_114' title='bbox 384 1667 571 1732; x_wconf 84' lang='lat' dir='ltr'><strong>Animarum</strong></span> <span class='ocrx_word' id='word_1_115' title='bbox 586 1667 725 1733; x_wconf 90' lang='lat' dir='ltr'><strong>solarum</strong></span> <span class='ocrx_word' id='word_1_116' title='bbox 740 1667 818 1733; x_wconf 90' lang='lat' dir='ltr'><strong>dicit</strong></span> <span class='ocrx_word' id='word_1_117' title='bbox 829 1669 974 1733; x_wconf 91' lang='lat' dir='ltr'><strong>salutem.</strong></span> <span class='ocrx_word' id='word_1_118' title='bbox 1006 1667 1111 1733; x_wconf 83' lang='lat' dir='ltr'><strong>Habet</strong></span> <span class='ocrx_word' id='word_1_119' title='bbox 1121 1673 1283 1752; x_wconf 90' lang='lat' dir='ltr'><strong>praeterea</strong></span> <span class='ocrx_word' id='word_1_120' title='bbox 1293 1670 1444 1752; x_wconf 82' lang='lat' dir='ltr'><strong>privatas,</strong></span> 
     </span>
     <span class='ocr_line' id='line_1_15' title="bbox 273 1769 1443 1858; baseline 0.001 -23"><span class='ocrx_word' id='word_1_121' title='bbox 273 1770 330 1835; x_wconf 90' lang='lat' dir='ltr'><strong>sed</strong></span> <span class='ocrx_word' id='word_1_122' title='bbox 346 1770 588 1836; x_wconf 85' lang='lat' dir='ltr'><strong>extraordinaris</strong></span> <span class='ocrx_word' id='word_1_123' title='bbox 603 1769 755 1836; x_wconf 89' lang='lat' dir='ltr'><strong>lectiones</strong></span> <span class='ocrx_word' id='word_1_124' title='bbox 771 1791 855 1855; x_wconf 80' lang='lat' dir='ltr'><strong>suas,</strong></span> <span class='ocrx_word' id='word_1_125' title='bbox 871 1792 948 1857; x_wconf 82' lang='lat' dir='ltr'><strong>ques</strong></span> <span class='ocrx_word' id='word_1_126' title='bbox 963 1771 1100 1858; x_wconf 84' lang='lat' dir='ltr'><strong>appellat</strong></span> <span class='ocrx_word' id='word_1_127' title='bbox 1118 1771 1352 1852; x_wconf 81' lang='lat' dir='ltr'><strong>⁵Pbaneroseis,</strong></span> <span class='ocrx_word' id='word_1_128' title='bbox 1366 1771 1443 1836; x_wconf 92' lang='lat' dir='ltr'><strong>Phi·</strong></span> 
     </span>
     <span class='ocr_line' id='line_1_16' title="bbox 274 1873 1442 1962; baseline 0 -24"><span class='ocrx_word' id='word_1_129' title='bbox 274 1873 417 1940; x_wconf 90' lang='lat' dir='ltr'><strong>lumenes</strong></span> <span class='ocrx_word' id='word_1_130' title='bbox 432 1873 595 1940; x_wconf 87' lang='lat' dir='ltr'><strong>cuiusdam</strong></span> <span class='ocrx_word' id='word_1_131' title='bbox 606 1873 739 1960; x_wconf 87' lang='lat' dir='ltr'><strong>puellae,</strong></span> <span class='ocrx_word' id='word_1_132' title='bbox 754 1893 849 1960; x_wconf 88' lang='lat' dir='ltr'><strong>quam</strong></span> <span class='ocrx_word' id='word_1_133' title='bbox 864 1877 953 1958; x_wconf 88' lang='lat' dir='ltr'><strong>quasi</strong></span> <span class='ocrx_word' id='word_1_134' title='bbox 964 1875 1193 1962; x_wconf 73' lang='lat' dir='ltr'><strong>prophetissam</strong></span> <span class='ocrx_word' id='word_1_135' title='bbox 1204 1875 1355 1958; x_wconf 90' lang='lat' dir='ltr'><strong>seqnitur.</strong></span> <span class='ocrx_word' id='word_1_136' title='bbox 1376 1873 1442 1938; x_wconf 88' lang='lat' dir='ltr'><strong>Ha·</strong></span> 
     </span>
     <span class='ocr_line' id='line_1_17' title="bbox 272 1965 1553 2064; baseline -0.002 -22"><span class='ocrx_word' id='word_1_137' title='bbox 272 1976 328 2042; x_wconf 88' lang='lat' dir='ltr'><strong>bct</strong></span> <span class='ocrx_word' id='word_1_138' title='bbox 341 1983 503 2062; x_wconf 89' lang='lat' dir='ltr'><strong>praeterea</strong></span> <span class='ocrx_word' id='word_1_139' title='bbox 518 1997 591 2042; x_wconf 90' lang='lat' dir='ltr'><strong>suos</strong></span> <span class='ocrx_word' id='word_1_140' title='bbox 606 1977 702 2042; x_wconf 90' lang='lat' dir='ltr'><strong>libros</strong></span> <span class='ocrx_word' id='word_1_141' title='bbox 719 1996 795 2061; x_wconf 92' lang='lat' dir='ltr'><strong>quos</strong></span> <span class='ocrx_word' id='word_1_142' title='bbox 815 1979 977 2064; x_wconf 88' lang='lat' dir='ltr'><strong>inscripsit</strong></span> <span class='ocrx_word' id='word_1_143' title='bbox 992 1977 1259 2060; x_wconf 76' lang='lat' dir='ltr'><strong>syllogismorum,</strong></span> <span class='ocrx_word' id='word_1_144' title='bbox 1273 1978 1308 2040; x_wconf 93' lang='lat' dir='ltr'><strong>iu</strong></span> <span class='ocrx_word' id='word_1_145' title='bbox 1326 1976 1442 2060; x_wconf 90' lang='lat' dir='ltr'><strong>quibus</strong></span> <span class='ocrx_word' id='word_1_146' title='bbox 1552 1965 1553 1974; x_wconf 37' lang='lat'>¹</span> 
     </span>
     <span class='ocr_line' id='line_1_18' title="bbox 273 2079 1443 2166; baseline 0.001 -23"><span class='ocrx_word' id='word_1_147' title='bbox 273 2079 405 2164; x_wconf 85' lang='lat' dir='ltr'><strong>probare</strong></span> <span class='ocrx_word' id='word_1_148' title='bbox 420 2079 488 2144; x_wconf 87' lang='lat' dir='ltr'><strong>vult</strong></span> <span class='ocrx_word' id='word_1_149' title='bbox 503 2079 586 2165; x_wconf 92' lang='lat' dir='ltr'><strong>quod</strong></span> <span class='ocrx_word' id='word_1_150' title='bbox 601 2081 706 2144; x_wconf 88' lang='lat' dir='ltr'><strong>emnia</strong></span> <span class='ocrx_word' id='word_1_151' title='bbox 721 2099 925 2165; x_wconf 83' lang='lat' dir='ltr'><strong>quaecunque</strong></span> <span class='ocrx_word' id='word_1_152' title='bbox 936 2080 1059 2164; x_wconf 86' lang='lat' dir='ltr'><strong>Moyses</strong></span> <span class='ocrx_word' id='word_1_153' title='bbox 1071 2079 1109 2144; x_wconf 89' lang='lat' dir='ltr'><strong>de</strong></span> <span class='ocrx_word' id='word_1_154' title='bbox 1125 2079 1183 2144; x_wconf 88' lang='lat' dir='ltr'><strong>deo</strong></span> <span class='ocrx_word' id='word_1_155' title='bbox 1195 2079 1358 2166; x_wconf 86' lang='lat' dir='ltr'><strong>scripserit</strong></span> <span class='ocrx_word' id='word_1_156' title='bbox 1368 2099 1443 2144; x_wconf 85' lang='lat' dir='ltr'><strong>vera</strong></span> 
     </span>
     <span class='ocr_line' id='line_1_19' title="bbox 272 2182 679 2263; baseline 0 -17"><span class='ocrx_word' id='word_1_157' title='bbox 272 2202 336 2248; x_wconf 89' lang='lat' dir='ltr'><strong>non</strong></span> <span class='ocrx_word' id='word_1_158' title='bbox 352 2184 425 2263; x_wconf 86' lang='lat' dir='ltr'><strong>sint,</strong></span> <span class='ocrx_word' id='word_1_159' title='bbox 441 2183 497 2248; x_wconf 88' lang='lat' dir='ltr'><strong>sed</strong></span> <span class='ocrx_word' id='word_1_160' title='bbox 511 2182 591 2247; x_wconf 88' lang='lat' dir='ltr'><strong>falsa</strong></span> <span class='ocrx_word' id='word_1_161' title='bbox 605 2185 679 2247; x_wconf 92' lang='lat' dir='ltr'><strong>sint.</strong></span> 
     </span>
     <span class='ocr_line' id='line_1_20' title="bbox 144 2283 1440 2368; baseline -0.004 -14"><span class='ocrx_word' id='word_1_162' title='bbox 144 2313 195 2366; x_wconf 67' lang='grc' dir='ltr'><strong>σιμ.</strong></span> <span class='ocrx_word' id='word_1_163' title='bbox 209 2313 254 2356; x_wconf 76' lang='lat' dir='ltr'><strong>nr</strong></span> <span class='ocrx_word' id='word_1_164' title='bbox 335 2285 393 2350; x_wconf 87' lang='lat' dir='ltr'><strong>llis</strong></span> <span class='ocrx_word' id='word_1_165' title='bbox 413 2285 581 2352; x_wconf 80' lang='lat' dir='ltr'><strong>haereticis</strong></span> <span class='ocrx_word' id='word_1_166' title='bbox 602 2286 747 2352; x_wconf 90' lang='lat' dir='ltr'><strong>omnibus</strong></span> <span class='ocrx_word' id='word_1_167' title='bbox 767 2285 890 2350; x_wconf 88' lang='lat' dir='ltr'><strong>accedit</strong></span> <span class='ocrx_word' id='word_1_168' title='bbox 909 2285 1061 2350; x_wconf 83' lang='lat' dir='ltr'><strong>Tetianus</strong></span> <span class='ocrx_word' id='word_1_169' title='bbox 1082 2283 1211 2368; x_wconf 88' lang='lat' dir='ltr'><strong>quidam</strong></span> <span class='ocrx_word' id='word_1_170' title='bbox 1230 2283 1309 2348; x_wconf 85' lang='lat' dir='ltr'><strong>ulter</strong></span> <span class='ocrx_word' id='word_1_171' title='bbox 1328 2285 1440 2350; x_wconf 90' lang='lat' dir='ltr'><strong>haere-</strong></span> 
     </span>
     <span class='ocr_line' id='line_1_21' title="bbox 272 2387 1440 2474; baseline -0.001 -21"><span class='ocrx_word' id='word_1_172' title='bbox 272 2389 363 2453; x_wconf 91' lang='lat' dir='ltr'><strong>tiens.</strong></span> <span class='ocrx_word' id='word_1_173' title='bbox 386 2387 447 2454; x_wconf 89' lang='lat' dir='ltr'><strong>Hic</strong></span> <span class='ocrx_word' id='word_1_174' title='bbox 461 2388 576 2453; x_wconf 91' lang='lat' dir='ltr'><strong>lustini</strong></span> <span class='ocrx_word' id='word_1_175' title='bbox 589 2389 735 2472; x_wconf 86' lang='lat' dir='ltr'><strong>Martyris</strong></span> <span class='ocrx_word' id='word_1_176' title='bbox 750 2387 923 2474; x_wconf 89' lang='lat' dir='ltr'><strong>discipulus</strong></span> <span class='ocrx_word' id='word_1_177' title='bbox 937 2388 1011 2468; x_wconf 80' lang='lat' dir='ltr'><strong>fuit3</strong></span> <span class='ocrx_word' id='word_1_178' title='bbox 1026 2394 1097 2474; x_wconf 92' lang='lat' dir='ltr'><strong>post</strong></span> <span class='ocrx_word' id='word_1_179' title='bbox 1111 2387 1194 2454; x_wconf 91' lang='lat' dir='ltr'><strong>huuc</strong></span> <span class='ocrx_word' id='word_1_180' title='bbox 1211 2387 1353 2452; x_wconf 86' lang='lat' dir='ltr'><strong>¹diversa</strong></span> <span class='ocrx_word' id='word_1_181' title='bbox 1367 2409 1440 2454; x_wconf 90' lang='lat' dir='ltr'><strong>sen·</strong></span> 
     </span>
     <span class='ocr_line' id='line_1_22' title="bbox 272 2489 1555 2578; baseline 0.002 -24"><span class='ocrx_word' id='word_1_182' title='bbox 272 2491 331 2555; x_wconf 89' lang='lat' dir='ltr'><strong>tire</strong></span> <span class='ocrx_word' id='word_1_183' title='bbox 348 2494 461 2576; x_wconf 91' lang='lat' dir='ltr'><strong>coepit.</strong></span> <span class='ocrx_word' id='word_1_184' title='bbox 483 2491 582 2576; x_wconf 84' lang='lat' dir='ltr'><strong>Totus</strong></span> <span class='ocrx_word' id='word_1_185' title='bbox 598 2495 683 2556; x_wconf 91' lang='lat' dir='ltr'><strong>enim</strong></span> <span class='ocrx_word' id='word_1_186' title='bbox 695 2491 867 2556; x_wconf 90' lang='lat' dir='ltr'><strong>secundnm</strong></span> <span class='ocrx_word' id='word_1_187' title='bbox 879 2489 1079 2555; x_wconf 88' lang='lat' dir='ltr'><strong>Valentinum</strong></span> <span class='ocrx_word' id='word_1_188' title='bbox 1092 2494 1184 2578; x_wconf 67' lang='lat' dir='ltr'><strong>sapit„</strong></span> <span class='ocrx_word' id='word_1_189' title='bbox 1198 2489 1339 2556; x_wconf 78' lang='lat' dir='ltr'><strong>adiciens</strong></span> <span class='ocrx_word' id='word_1_190' title='bbox 1351 2490 1440 2574; x_wconf 86' lang='lat' dir='ltr'><strong>illud,</strong></span> <span class='ocrx_word' id='word_1_191' title='bbox 1554 2571 1555 2574; x_wconf 8' lang='grc' dir='ltr'><strong>Ἴ</strong></span> 
     </span>
     <span class='ocr_line' id='line_1_23' title="bbox 222 2592 1440 2680; baseline -0.002 -20"><span class='ocrx_word' id='word_1_192' title='bbox 222 2602 226 2614; x_wconf 91' lang='grc'><strong>“</strong></span> <span class='ocrx_word' id='word_1_193' title='bbox 271 2592 375 2660; x_wconf 80' lang='lat' dir='ltr'><strong>Adam</strong></span> <span class='ocrx_word' id='word_1_194' title='bbox 389 2615 448 2659; x_wconf 90' lang='lat' dir='ltr'><strong>uec</strong></span> <span class='ocrx_word' id='word_1_195' title='bbox 464 2593 600 2659; x_wconf 91' lang='lat' dir='ltr'><strong>salntem</strong></span> <span class='ocrx_word' id='word_1_196' title='bbox 615 2597 765 2679; x_wconf 91' lang='lat' dir='ltr'><strong>consequi</strong></span> <span class='ocrx_word' id='word_1_197' title='bbox 779 2614 887 2680; x_wconf 88' lang='lat' dir='ltr'><strong>posse;</strong></span> <span class='ocrx_word' id='word_1_198' title='bbox 909 2595 999 2677; x_wconf 89' lang='lat' dir='ltr'><strong>quasi</strong></span> <span class='ocrx_word' id='word_1_199' title='bbox 1013 2613 1087 2677; x_wconf 87' lang='lat' dir='ltr'><strong>nou,</strong></span> <span class='ocrx_word' id='word_1_200' title='bbox 1107 2596 1135 2658; x_wconf 88' lang='lat' dir='ltr'><strong>ei</strong></span> <span class='ocrx_word' id='word_1_201' title='bbox 1155 2597 1234 2658; x_wconf 90' lang='lat' dir='ltr'><strong>rami</strong></span> <span class='ocrx_word' id='word_1_202' title='bbox 1255 2592 1334 2660; x_wconf 84' lang='lat' dir='ltr'><strong>salvi</strong></span> <span class='ocrx_word' id='word_1_203' title='bbox 1349 2593 1440 2676; x_wconf 85' lang='lat' dir='ltr'><strong>finnt,</strong></span> 
     </span>
     <span class='ocr_line' id='line_1_24' title="bbox 273 2695 574 2762; baseline 0 0"><span class='ocrx_word' id='word_1_204' title='bbox 273 2703 304 2762; x_wconf 93' lang='lat' dir='ltr'><strong>et</strong></span> <span class='ocrx_word' id='word_1_205' title='bbox 318 2696 408 2762; x_wconf 79' lang='lat' dir='ltr'><strong>radix</strong></span> <span class='ocrx_word' id='word_1_206' title='bbox 423 2695 510 2762; x_wconf 88' lang='lat' dir='ltr'><strong>salva</strong></span> <span class='ocrx_word' id='word_1_207' title='bbox 524 2697 574 2762; x_wconf 86' lang='lat' dir='ltr'><strong>sit</strong></span> 
     </span>
     <span class='ocr_line' id='line_1_25' title="bbox 136 2797 1440 2885; baseline 0 -19"><span class='ocrx_word' id='word_1_208' title='bbox 136 2812 255 2866; x_wconf 66' lang='lat' dir='ltr'><strong>ceam.</strong></span> <span class='ocrx_word' id='word_1_209' title='bbox 336 2799 550 2869; x_wconf 83' lang='lat' dir='ltr'><strong>Accessernnt</strong></span> <span class='ocrx_word' id='word_1_210' title='bbox 568 2799 621 2864; x_wconf 84' lang='lat' dir='ltr'><strong>alii</strong></span> <span class='ocrx_word' id='word_1_211' title='bbox 644 2799 811 2882; x_wconf 88' lang='lat' dir='ltr'><strong>haeretici,</strong></span> <span class='ocrx_word' id='word_1_212' title='bbox 840 2801 893 2885; x_wconf 92' lang='lat' dir='ltr'><strong>qui</strong></span> <span class='ocrx_word' id='word_1_213' title='bbox 915 2799 1062 2866; x_wconf 90' lang='lat' dir='ltr'><strong>dicuntur</strong></span> <span class='ocrx_word' id='word_1_214' title='bbox 1084 2797 1265 2864; x_wconf 85' lang='lat' dir='ltr'><strong>Secundum</strong></span> <span class='ocrx_word' id='word_1_215' title='bbox 1289 2799 1440 2884; x_wconf 81' lang='lat' dir='ltr'><strong>Phryges,</strong></span> 
     </span>
     <span class='ocr_line' id='line_1_26' title="bbox 273 2901 1555 2988; baseline 0 -20"><span class='ocrx_word' id='word_1_216' title='bbox 273 2901 331 2968; x_wconf 91' lang='lat' dir='ltr'><strong>sed</strong></span> <span class='ocrx_word' id='word_1_217' title='bbox 350 2903 461 2968; x_wconf 92' lang='lat' dir='ltr'><strong>horum</strong></span> <span class='ocrx_word' id='word_1_218' title='bbox 481 2924 544 2968; x_wconf 90' lang='lat' dir='ltr'><strong>nou</strong></span> <span class='ocrx_word' id='word_1_219' title='bbox 565 2923 629 2967; x_wconf 92' lang='lat' dir='ltr'><strong>una</strong></span> <span class='ocrx_word' id='word_1_220' title='bbox 650 2902 792 2968; x_wconf 88' lang='lat' dir='ltr'><strong>doctrina</strong></span> <span class='ocrx_word' id='word_1_221' title='bbox 812 2909 869 2968; x_wconf 86' lang='lat' dir='ltr'><strong>est</strong></span> <span class='ocrx_word' id='word_1_222' title='bbox 906 2902 988 2968; x_wconf 87' lang='lat' dir='ltr'><strong>Sunt</strong></span> <span class='ocrx_word' id='word_1_223' title='bbox 1012 2903 1096 2968; x_wconf 91' lang='lat' dir='ltr'><strong>enim</strong></span> <span class='ocrx_word' id='word_1_224' title='bbox 1119 2902 1172 2988; x_wconf 93' lang='lat' dir='ltr'><strong>qui</strong></span> <span class='ocrx_word' id='word_1_225' title='bbox 1191 2901 1275 2968; x_wconf 88' lang='lat' dir='ltr'><strong>Kata</strong></span> <span class='ocrx_word' id='word_1_226' title='bbox 1292 2901 1439 2968; x_wconf 90' lang='lat' dir='ltr'><strong>Pruclum</strong></span> <span class='ocrx_word' id='word_1_227' title='bbox 1554 2959 1555 2978; x_wconf 63' lang='grc'>,</span> 
     </span>
     <span class='ocr_line' id='line_1_27' title="bbox 274 3004 1439 3090; baseline 0 -20"><span class='ocrx_word' id='word_1_228' title='bbox 274 3005 435 3088; x_wconf 83' lang='lat' dir='ltr'><strong>dicuntur,</strong></span> <span class='ocrx_word' id='word_1_229' title='bbox 458 3011 532 3070; x_wconf 89' lang='lat' dir='ltr'><strong>snut</strong></span> <span class='ocrx_word' id='word_1_230' title='bbox 551 3004 605 3070; x_wconf 91' lang='lat' dir='ltr'><strong>alii</strong></span> <span class='ocrx_word' id='word_1_231' title='bbox 626 3008 679 3090; x_wconf 91' lang='lat' dir='ltr'><strong>qui</strong></span> <span class='ocrx_word' id='word_1_232' title='bbox 698 3005 880 3072; x_wconf 88' lang='lat' dir='ltr'><strong>Secundum</strong></span> <span class='ocrx_word' id='word_1_233' title='bbox 901 3004 1091 3071; x_wconf 84' lang='lat' dir='ltr'><strong>Aeschinem</strong></span> <span class='ocrx_word' id='word_1_234' title='bbox 1110 3007 1361 3090; x_wconf 87' lang='lat' dir='ltr'><strong>pronuntiantur.</strong></span> <span class='ocrx_word' id='word_1_235' title='bbox 1396 3005 1439 3070; x_wconf 84' lang='lat' dir='ltr'><strong>Hi</strong></span> 
     </span>
     <span class='ocr_line' id='line_1_28' title="bbox 272 3106 1438 3194; baseline 0.001 -21"><span class='ocrx_word' id='word_1_236' title='bbox 272 3106 391 3174; x_wconf 89' lang='lat' dir='ltr'><strong>habent</strong></span> <span class='ocrx_word' id='word_1_237' title='bbox 410 3108 505 3172; x_wconf 86' lang='lat' dir='ltr'><strong>aliam</strong></span> <span class='ocrx_word' id='word_1_238' title='bbox 524 3129 723 3174; x_wconf 89' lang='lat' dir='ltr'><strong>communem</strong></span> <span class='ocrx_word' id='word_1_239' title='bbox 743 3109 985 3194; x_wconf 86' lang='lat' dir='ltr'><strong>blasphemiam,</strong></span> <span class='ocrx_word' id='word_1_240' title='bbox 1012 3108 1106 3174; x_wconf 88' lang='lat' dir='ltr'><strong>aliam</strong></span> <span class='ocrx_word' id='word_1_241' title='bbox 1122 3107 1351 3194; x_wconf 80' lang='lat' dir='ltr'><strong>blasphemiam</strong></span> <span class='ocrx_word' id='word_1_242' title='bbox 1376 3129 1438 3174; x_wconf 88' lang='lat' dir='ltr'><strong>nou</strong></span> 
     </span>
     <span class='ocr_line' id='line_1_29' title="bbox 272 3209 1437 3297; baseline 0 -21"><span class='ocrx_word' id='word_1_243' title='bbox 272 3231 480 3294; x_wconf 83' lang='lat' dir='ltr'><strong>communem,</strong></span> <span class='ocrx_word' id='word_1_244' title='bbox 496 3210 553 3276; x_wconf 92' lang='lat' dir='ltr'><strong>sed</strong></span> <span class='ocrx_word' id='word_1_245' title='bbox 567 3211 757 3297; x_wconf 90' lang='lat' dir='ltr'><strong>peculiarem</strong></span> <span class='ocrx_word' id='word_1_246' title='bbox 772 3217 804 3276; x_wconf 91' lang='lat' dir='ltr'><strong>et</strong></span> <span class='ocrx_word' id='word_1_247' title='bbox 817 3233 922 3276; x_wconf 89' lang='lat' dir='ltr'><strong>suam:</strong></span> <span class='ocrx_word' id='word_1_248' title='bbox 939 3216 971 3275; x_wconf 90' lang='lat' dir='ltr'><strong>et</strong></span> <span class='ocrx_word' id='word_1_249' title='bbox 986 3231 1183 3276; x_wconf 91' lang='lat' dir='ltr'><strong>communem</strong></span> <span class='ocrx_word' id='word_1_250' title='bbox 1199 3211 1326 3296; x_wconf 88' lang='lat' dir='ltr'><strong>quidem</strong></span> <span class='ocrx_word' id='word_1_251' title='bbox 1341 3209 1437 3294; x_wconf 80' lang='lat' dir='ltr'><strong>illam,</strong></span> 
     </span>
     <span class='ocr_line' id='line_1_30' title="bbox 272 3313 1439 3400; baseline 0.002 -22"><span class='ocrx_word' id='word_1_252' title='bbox 272 3335 334 3400; x_wconf 87' lang='lat' dir='ltr'><strong>qua</strong></span> <span class='ocrx_word' id='word_1_253' title='bbox 348 3317 381 3378; x_wconf 93' lang='lat' dir='ltr'><strong>iu</strong></span> <span class='ocrx_word' id='word_1_254' title='bbox 392 3314 542 3400; x_wconf 87' lang='lat' dir='ltr'><strong>apostolis</strong></span> <span class='ocrx_word' id='word_1_255' title='bbox 554 3314 681 3399; x_wconf 93' lang='lat' dir='ltr'><strong>quidem</strong></span> <span class='ocrx_word' id='word_1_256' title='bbox 693 3313 802 3380; x_wconf 83' lang='lat' dir='ltr'><strong>dicant</strong></span> <span class='ocrx_word' id='word_1_257' title='bbox 812 3316 958 3400; x_wconf 88' lang='lat' dir='ltr'><strong>spiritum</strong></span> <span class='ocrx_word' id='word_1_258' title='bbox 969 3319 1113 3378; x_wconf 89' lang='lat' dir='ltr'><strong>sanetum</strong></span> <span class='ocrx_word' id='word_1_259' title='bbox 1124 3314 1231 3396; x_wconf 81' lang='lat' dir='ltr'><strong>fuisse,</strong></span> <span class='ocrx_word' id='word_1_260' title='bbox 1245 3313 1439 3399; x_wconf 81' lang='lat' dir='ltr'><strong>paracletum</strong></span> 
     </span>
     <span class='ocr_line' id='line_1_31' title="bbox 271 3416 1439 3502; baseline 0 -20"><span class='ocrx_word' id='word_1_261' title='bbox 271 3437 336 3482; x_wconf 89' lang='lat' dir='ltr'><strong>nou</strong></span> <span class='ocrx_word' id='word_1_262' title='bbox 350 3417 458 3499; x_wconf 86' lang='lat' dir='ltr'><strong>fuisse,</strong></span> <span class='ocrx_word' id='word_1_263' title='bbox 474 3423 506 3482; x_wconf 90' lang='lat' dir='ltr'><strong>et</strong></span> <span class='ocrx_word' id='word_1_264' title='bbox 516 3437 578 3502; x_wconf 89' lang='lat' dir='ltr'><strong>qua</strong></span> <span class='ocrx_word' id='word_1_265' title='bbox 590 3417 696 3482; x_wconf 90' lang='lat' dir='ltr'><strong>dicant</strong></span> <span class='ocrx_word' id='word_1_266' title='bbox 706 3417 899 3502; x_wconf 75' lang='lat' dir='ltr'><strong>paracletum</strong></span> <span class='ocrx_word' id='word_1_267' title='bbox 909 3416 1000 3502; x_wconf 90' lang='lat' dir='ltr'><strong>plura</strong></span> <span class='ocrx_word' id='word_1_268' title='bbox 1011 3418 1044 3480; x_wconf 95' lang='lat' dir='ltr'><strong>in</strong></span> <span class='ocrx_word' id='word_1_269' title='bbox 1055 3417 1203 3482; x_wconf 86' lang='lat' dir='ltr'><strong>Montano</strong></span> <span class='ocrx_word' id='word_1_270' title='bbox 1215 3417 1333 3482; x_wconf 85' lang='lat' dir='ltr'><strong>dixisse</strong></span> <span class='ocrx_word' id='word_1_271' title='bbox 1345 3437 1439 3502; x_wconf 90' lang='lat' dir='ltr'><strong>quam</strong></span> 
     </span>
     <span class='ocr_line' id='line_1_32' title="bbox 272 3519 1438 3606; baseline 0 -20"><span class='ocrx_word' id='word_1_272' title='bbox 272 3520 432 3586; x_wconf 79' lang='lat' dir='ltr'><strong>Christum</strong></span> <span class='ocrx_word' id='word_1_273' title='bbox 450 3523 485 3586; x_wconf 91' lang='lat' dir='ltr'><strong>in</strong></span> <span class='ocrx_word' id='word_1_274' title='bbox 504 3520 700 3604; x_wconf 82' lang='lat' dir='ltr'><strong>evangelium</strong></span> <span class='ocrx_word' id='word_1_275' title='bbox 719 3519 903 3606; x_wconf 85' lang='lat' dir='ltr'><strong>protulisse,</strong></span> <span class='ocrx_word' id='word_1_276' title='bbox 925 3540 984 3585; x_wconf 91' lang='lat' dir='ltr'><strong>nec</strong></span> <span class='ocrx_word' id='word_1_277' title='bbox 1004 3525 1127 3586; x_wconf 84' lang='lat' dir='ltr'><strong>tautum</strong></span> <span class='ocrx_word' id='word_1_278' title='bbox 1146 3519 1251 3606; x_wconf 88' lang='lat' dir='ltr'><strong>plura,</strong></span> <span class='ocrx_word' id='word_1_279' title='bbox 1271 3519 1438 3586; x_wconf 89' lang='lat' dir='ltr'><strong>sedetiam</strong></span> 
     </span>
     <span class='ocr_line' id='line_1_33' title="bbox 271 3619 1438 3708; baseline -0.002 -21"><span class='ocrx_word' id='word_1_280' title='bbox 271 3622 401 3688; x_wconf 86' lang='lat' dir='ltr'><strong>meliora</strong></span> <span class='ocrx_word' id='word_1_281' title='bbox 415 3629 508 3708; x_wconf 90' lang='lat' dir='ltr'><strong>atque</strong></span> <span class='ocrx_word' id='word_1_282' title='bbox 523 3625 651 3688; x_wconf 88' lang='lat' dir='ltr'><strong>maiora.</strong></span> <span class='ocrx_word' id='word_1_283' title='bbox 686 3623 847 3690; x_wconf 85' lang='lat' dir='ltr'><strong>Privatam</strong></span> <span class='ocrx_word' id='word_1_284' title='bbox 865 3628 971 3687; x_wconf 89' lang='lat' dir='ltr'><strong>antem</strong></span> <span class='ocrx_word' id='word_1_285' title='bbox 986 3619 1214 3708; x_wconf 88' lang='lat' dir='ltr'><strong>blasphemiam</strong></span> <span class='ocrx_word' id='word_1_286' title='bbox 1233 3622 1280 3688; x_wconf 91' lang='lat' dir='ltr'><strong>illi</strong></span> <span class='ocrx_word' id='word_1_287' title='bbox 1295 3625 1349 3707; x_wconf 90' lang='lat' dir='ltr'><strong>qui</strong></span> <span class='ocrx_word' id='word_1_288' title='bbox 1364 3629 1438 3688; x_wconf 91' lang='lat' dir='ltr'><strong>suut</strong></span> 
     </span>
     <span class='ocr_line' id='line_1_34' title="bbox 270 3724 1438 3810; baseline 0 -19"><span class='ocrx_word' id='word_1_289' title='bbox 270 3725 354 3791; x_wconf 83' lang='lat' dir='ltr'><strong>Kate</strong></span> <span class='ocrx_word' id='word_1_290' title='bbox 372 3725 564 3791; x_wconf 82' lang='lat' dir='ltr'><strong>Aeschinem</strong></span> <span class='ocrx_word' id='word_1_291' title='bbox 582 3726 664 3791; x_wconf 90' lang='lat' dir='ltr'><strong>hanc</strong></span> <span class='ocrx_word' id='word_1_292' title='bbox 685 3725 804 3792; x_wconf 90' lang='lat' dir='ltr'><strong>habent</strong></span> <span class='ocrx_word' id='word_1_293' title='bbox 823 3745 885 3810; x_wconf 84' lang='lat' dir='ltr'><strong>que</strong></span> <span class='ocrx_word' id='word_1_294' title='bbox 904 3724 1045 3791; x_wconf 92' lang='lat' dir='ltr'><strong>adiciunt</strong></span> <span class='ocrx_word' id='word_1_295' title='bbox 1065 3725 1161 3792; x_wconf 86' lang='lat' dir='ltr'><strong>etiam</strong></span> <span class='ocrx_word' id='word_1_296' title='bbox 1180 3725 1255 3809; x_wconf 89' lang='lat' dir='ltr'><strong>hoc,</strong></span> <span class='ocrx_word' id='word_1_297' title='bbox 1274 3731 1311 3790; x_wconf 91' lang='lat' dir='ltr'><strong>ut</strong></span> <span class='ocrx_word' id='word_1_298' title='bbox 1331 3724 1438 3791; x_wconf 85' lang='lat' dir='ltr'><strong>dicant</strong></span> 
     </span>
     <span class='ocr_line' id='line_1_35' title="bbox 272 3827 940 3915; baseline -0.006 -21"><span class='ocrx_word' id='word_1_299' title='bbox 272 3828 431 3894; x_wconf 88' lang='lat' dir='ltr'><strong>Christum</strong></span> <span class='ocrx_word' id='word_1_300' title='bbox 445 3831 550 3914; x_wconf 92' lang='lat' dir='ltr'><strong>ipsum</strong></span> <span class='ocrx_word' id='word_1_301' title='bbox 565 3849 634 3894; x_wconf 88' lang='lat' dir='ltr'><strong>esse</strong></span> <span class='ocrx_word' id='word_1_302' title='bbox 649 3827 748 3894; x_wconf 87' lang='lat' dir='ltr'><strong>filium</strong></span> <span class='ocrx_word' id='word_1_303' title='bbox 763 3834 795 3892; x_wconf 92' lang='lat' dir='ltr'><strong>et</strong></span> <span class='ocrx_word' id='word_1_304' title='bbox 809 3833 940 3915; x_wconf 85' lang='lat' dir='ltr'><strong>patrem.</strong></span> 
     </span>
    </p>
   </div>
   <div class='ocr_carea' id='block_1_3' title="bbox 124 3929 1444 4221">
    <p class='ocr_par' dir='ltr' id='par_1_3' title="bbox 124 3929 1444 4221">
     <span class='ocr_line' id='line_1_36' title="bbox 124 3929 1437 4018; baseline 0 -22"><span class='ocrx_word' id='word_1_305' title='bbox 124 3963 175 4018; x_wconf 50' lang='lat' dir='ltr'><strong>eq,</strong></span> <span class='ocrx_word' id='word_1_306' title='bbox 187 3963 255 4006; x_wconf 79' lang='lat' dir='ltr'><strong>mu.</strong></span> <span class='ocrx_word' id='word_1_307' title='bbox 334 3931 390 3997; x_wconf 85' lang='lat' dir='ltr'><strong>Est</strong></span> <span class='ocrx_word' id='word_1_308' title='bbox 403 3935 567 4018; x_wconf 86' lang='lat' dir='ltr'><strong>praeterea</strong></span> <span class='ocrx_word' id='word_1_309' title='bbox 580 3929 630 3996; x_wconf 89' lang='lat' dir='ltr'><strong>his</strong></span> <span class='ocrx_word' id='word_1_310' title='bbox 646 3931 791 3996; x_wconf 89' lang='lat' dir='ltr'><strong>omnibus</strong></span> <span class='ocrx_word' id='word_1_311' title='bbox 806 3932 901 3996; x_wconf 88' lang='lat' dir='ltr'><strong>etiam</strong></span> <span class='ocrx_word' id='word_1_312' title='bbox 914 3931 1040 3996; x_wconf 90' lang='lat' dir='ltr'><strong>Blastus</strong></span> <span class='ocrx_word' id='word_1_313' title='bbox 1056 3931 1220 4013; x_wconf 88' lang='lat' dir='ltr'><strong>accedens,</strong></span> <span class='ocrx_word' id='word_1_314' title='bbox 1235 3933 1289 4016; x_wconf 93' lang='lat' dir='ltr'><strong>qui</strong></span> <span class='ocrx_word' id='word_1_315' title='bbox 1303 3930 1437 3996; x_wconf 84' lang='lat' dir='ltr'><strong>latenter</strong></span> 
     </span>
     <span class='ocr_line' id='line_1_37' title="bbox 270 4033 1444 4100; baseline -0.001 -1"><span class='ocrx_word' id='word_1_316' title='bbox 270 4033 464 4100; x_wconf 88' lang='lat' dir='ltr'><strong>Iudaismum</strong></span> <span class='ocrx_word' id='word_1_317' title='bbox 478 4033 766 4100; x_wconf 84' lang='lat' dir='ltr'><strong>vultintroducere.</strong></span> <span class='ocrx_word' id='word_1_318' title='bbox 803 4033 925 4100; x_wconf 82' lang='lat' dir='ltr'><strong>Pascha</strong></span> <span class='ocrx_word' id='word_1_319' title='bbox 946 4035 1030 4098; x_wconf 92' lang='lat' dir='ltr'><strong>euim</strong></span> <span class='ocrx_word' id='word_1_320' title='bbox 1051 4033 1128 4100; x_wconf 89' lang='lat' dir='ltr'><strong>dicit</strong></span> <span class='ocrx_word' id='word_1_321' title='bbox 1146 4055 1211 4100; x_wconf 90' lang='lat' dir='ltr'><strong>nou</strong></span> <span class='ocrx_word' id='word_1_322' title='bbox 1225 4033 1316 4100; x_wconf 83' lang='lat' dir='ltr'><strong>ahter</strong></span> <span class='ocrx_word' id='word_1_323' title='bbox 1331 4041 1444 4100; x_wconf 69' lang='lat' dir='ltr'><strong>custo.</strong></span> 
     </span>
     <span class='ocr_line' id='line_1_38' title="bbox 273 4133 1435 4221; baseline 0 -19"><span class='ocrx_word' id='word_1_324' title='bbox 273 4135 423 4202; x_wconf 87' lang='lat' dir='ltr'><strong>diendum</strong></span> <span class='ocrx_word' id='word_1_325' title='bbox 437 4157 518 4220; x_wconf 87' lang='lat' dir='ltr'><strong>esse,</strong></span> <span class='ocrx_word' id='word_1_326' title='bbox 533 4138 595 4202; x_wconf 88' lang='lat' dir='ltr'><strong>nisi</strong></span> <span class='ocrx_word' id='word_1_327' title='bbox 610 4133 784 4202; x_wconf 89' lang='lat' dir='ltr'><strong>secundum</strong></span> <span class='ocrx_word' id='word_1_328' title='bbox 798 4136 899 4221; x_wconf 76' lang='lat' dir='ltr'><strong>legem</strong></span> <span class='ocrx_word' id='word_1_329' title='bbox 912 4137 1012 4220; x_wconf 78' lang='lat' dir='ltr'><strong>Moysi</strong></span> <span class='ocrx_word' id='word_1_330' title='bbox 1027 4135 1107 4202; x_wconf 87' lang='lat' dir='ltr'>XIV.</span> <span class='ocrx_word' id='word_1_331' title='bbox 1123 4140 1251 4203; x_wconf 91' lang='lat' dir='ltr'><strong>mensis.</strong></span> <span class='ocrx_word' id='word_1_332' title='bbox 1289 4139 1366 4216; x_wconf 86' lang='lat' dir='ltr'><strong>Quis</strong></span> <span class='ocrx_word' id='word_1_333' title='bbox 1380 4157 1435 4202; x_wconf 88' lang='lat' dir='ltr'><strong>an-</strong></span> 
     </span>
    </p>
   </div>
   <div class='ocr_carea' id='block_1_4' title="bbox 271 4355 1434 4632">
    <p class='ocr_par' dir='ltr' id='par_1_4' title="bbox 271 4355 1434 4632">
     <span class='ocr_line' id='line_1_39' title="bbox 321 4355 1434 4440; baseline -0.001 -29"><span class='ocrx_word' id='word_1_334' title='bbox 321 4355 345 4411; x_wconf 85' lang='lat'><strong>3.</strong></span> <span class='ocrx_word' id='word_1_335' title='bbox 358 4357 474 4411; x_wconf 67' lang='lat' dir='ltr'><strong>summ</strong></span> <span class='ocrx_word' id='word_1_336' title='bbox 483 4357 571 4426; x_wconf 72' lang='lat' dir='ltr'><strong>quent</strong></span> <span class='ocrx_word' id='word_1_337' title='bbox 580 4357 665 4412; x_wconf 89' lang='lat' dir='ltr'><strong>bocco</strong></span> <span class='ocrx_word' id='word_1_338' title='bbox 702 4362 707 4373; x_wconf 91' lang='lat'>&#39;</span> <span class='ocrx_word' id='word_1_339' title='bbox 723 4359 812 4411; x_wconf 85' lang='lat' dir='ltr'><strong>eadum</strong></span> <span class='ocrx_word' id='word_1_340' title='bbox 825 4367 961 4440; x_wconf 81' lang='lat' dir='ltr'><strong>qensereat.</strong></span> <span class='ocrx_word' id='word_1_341' title='bbox 986 4359 1024 4412; x_wconf 77' lang='lat' dir='ltr'><strong>Ae</strong></span> <span class='ocrx_word' id='word_1_342' title='bbox 1039 4360 1156 4412; x_wconf 75' lang='lat' dir='ltr'><strong>similiter</strong></span> <span class='ocrx_word' id='word_1_343' title='bbox 1171 4375 1252 4428; x_wconf 75' lang='lat' dir='ltr'><strong>capra</strong></span> <span class='ocrx_word' id='word_1_344' title='bbox 1266 4377 1323 4429; x_wconf 83' lang='lat' dir='ltr'><strong>cap.</strong></span> <span class='ocrx_word' id='word_1_345' title='bbox 1336 4358 1361 4410; x_wconf 74' lang='grc'><strong>4.</strong></span> <span class='ocrx_word' id='word_1_346' title='bbox 1374 4361 1434 4427; x_wconf 71' lang='lat' dir='ltr'><strong>tepi-</strong></span> 
     </span>
     <span class='ocr_line' id='line_1_40' title="bbox 271 4425 1432 4498; baseline 0.004 -19"><span class='ocrx_word' id='word_1_347' title='bbox 271 4427 644 4496; x_wconf 75' lang='lat' dir='ltr'><strong>muequoldentemereatam.</strong></span> <span class='ocrx_word' id='word_1_348' title='bbox 720 4426 900 4496; x_wconf 72' lang='lat' dir='ltr'><strong>,Vsqomec</strong></span> <span class='ocrx_word' id='word_1_349' title='bbox 914 4426 991 4498; x_wconf 89' lang='lat' dir='ltr'><strong>quod.</strong></span> <span class='ocrx_word' id='word_1_350' title='bbox 1048 4427 1073 4481; x_wconf 79' lang='lat'><strong>5.</strong></span> <span class='ocrx_word' id='word_1_351' title='bbox 1087 4425 1126 4497; x_wconf 85' lang='lat' dir='ltr'><strong>Cf.</strong></span> <span class='ocrx_word' id='word_1_352' title='bbox 1144 4427 1247 4480; x_wconf 73' lang='lat' dir='ltr'><strong>Terruit.</strong></span> <span class='ocrx_word' id='word_1_353' title='bbox 1260 4427 1432 4484; x_wconf 83' lang='lat' dir='ltr'><strong>DePrceecr.</strong></span> 
     </span>
     <span class='ocr_line' id='line_1_41' title="bbox 271 4493 763 4632; baseline 0.002 -18"><span class='ocrx_word' id='word_1_354' title='bbox 271 4495 423 4632; x_wconf 56' lang='lat' dir='ltr'><strong>Hwtilpf⁰</strong></span> <span class='ocrx_word' id='word_1_355' title='bbox 441 4493 516 4614; x_wconf 75' lang='lat'><strong>³⁰-</strong></span> <span class='ocrx_word' id='word_1_356' title='bbox 537 4561 559 4614; x_wconf 92' lang='lat'><strong>1.</strong></span> <span class='ocrx_word' id='word_1_357' title='bbox 581 4561 763 4631; x_wconf 61' lang='lat' dir='ltr'><strong>royenses.</strong></span> 
     </span>
    </p>
   </div>
   <div class='ocr_carea' id='block_1_5' title="bbox 0 0 1564 4994">
    <p class='ocr_par' dir='ltr' id='par_1_5' title="bbox 0 0 1564 4994">
     <span class='ocr_line' id='line_1_42' title="bbox 0 0 1564 4994; baseline 0 2"><span class='ocrx_word' id='word_1_358' title='bbox 0 0 1564 4994; x_wconf 95' lang='lat' dir='ltr'><strong> </strong></span> 
     </span>
    </p>
   </div>
  </div>
 </body>
</html>
