3100 4980
25 3205 31 3220 ·
113 3204 169 3260 esp.
181 3190 202 3241 V
218 3230 224 3240 .
236 3188 317 3244 homil
328 3191 389 3244 XX.
407 3191 553 3244 Theodorei
563 3191 671 3244 divisor.
684 3192 777 3246 decret.
789 3193 894 3262 epitom.
905 3193 951 3245 iol.
963 3193 994 3244 41

108 469 223 508 menum
235 455 345 526 porrigit
354 455 528 525 Hieronymus
538 455 566 508 in
577 455 657 509 Amos
670 471 725 526 esp.
734 453 808 510 XiX.
816 455 861 508 iol.
874 455 928 510 123.
950 456 1057 518 Quando
1070 461 1157 510 anima
1169 459 1276 510 munitis

109 524 208 575 laxata
221 529 358 594 corporeis,
370 526 475 577 solandi
486 543 531 593 quo
544 525 611 588 uelit,
629 529 682 576 siue
698 543 743 592 quo
760 529 799 576 ire
811 525 976 594 compellitur,
994 525 1113 578 babuerit
1126 527 1274 590 libertatem,

110 601 164 643 aut
173 595 210 644 ad
220 597 324 660 inferna
336 596 447 656 ducetur,
461 603 507 645 ant
517 596 554 645 ael
565 595 686 644 caelestia
698 593 875 645 sublevabitur.
904 593 937 644 nt
948 593 1086 662 Augustis.
1099 593 1131 646 de
1147 601 1275 664 peccator.

109 662 214 712 meritis
227 667 252 713 et
263 661 414 714 remissione
427 677 483 732 esp.
496 661 615 716 XXVIII.
641 661 701 713 Non
713 671 750 712 est
759 663 825 713 ullus
835 663 883 713 ulli
893 663 962 714 locus
973 665 1076 726 medius,
1087 672 1116 714 ut
1143 667 1205 715 osst't
1215 681 1275 726 esse,

109 733 168 780 nisi
179 745 232 782 οιιιιι
246 731 354 791 diabalo,
404 735 416 781 i
427 749 474 782 ινοιι
487 740 524 781 est
540 749 593 782 oum
607 729 715 784 Christo.
746 731 826 782 Autor
843 729 877 798 hy
897 731 1025 799 ognostiei
1041 731 1104 783 artie
1135 731 1188 784 .V.
1207 731 1275 800 spnd

109 797 254 866 Angustin.
266 805 329 851 tout.
340 797 374 850 VI
389 838 394 850 .
406 798 450 850 iol.
463 797 519 852 967.
538 799 650 849 Primum
662 800 815 868 loeurnficles
827 747 1008 851 eutlilieorum
1021 801 1110 850 diuina
1122 804 1276 852 auctoritate

109 883 218 932 reatuum
229 869 311 918 eredit
322 885 374 918 esse
383 868 522 918 caelorum:
535 870 669 918 nouandum
676 867 828 934 qebennam3
842 872 940 918 tertium
948 873 1050 936 penitus
1060 871 1072 918 i
1089 885 1214 930 abeamus,
1226 871 1275 919 imo

110 951 162 984 aee
174 951 226 985 esee
237 940 264 985 in
280 939 415 1003 seripturis
432 939 516 986 saeris
532 940 690 988 inveniemus.
719 936 802 988 butor
816 935 846 988 de
862 936 979 988 nectibud.
996 887 1113 988 euthoiio.
1131 941 1275 988 conversat.

110 1001 185 1072 apud
196 1003 335 1072 Augustiu.
348 1008 411 1057 tom.
426 1003 448 1055 9.
460 1003 505 1056 iol.
518 1003 575 1056 797.
591 1003 685 1056 Scitote
696 1006 762 1072 quael
772 1008 860 1056 anima
874 1023 928 1054 cum
940 1024 957 1056 a
967 1022 1073 1073 corpore
1086 1006 1210 1066 avellitur,
1223 1013 1276 1056 sta-

111 1075 159 1121 tim
170 1075 198 1122 in
206 1073 334 1140 paradiso
343 1091 392 1140 pro
409 1072 480 1122 bortis
495 1073 618 1140 operibus,
637 1081 682 1124 ant
697 1081 762 1124 certe
771 1091 820 1141 pro
838 1075 912 1124 malls
928 1076 955 1124 iu
972 1077 1070 1140 inferno
1083 1077 1178 1142 pressei
1197 1078 1276 1124 itatur

112 1143 240 1190 continuo.
267 1138 352 1192 Ethis
365 1141 407 1193 lou
429 1141 584 1208 santiquior
595 1139 709 1192 lustinus
721 1140 968 1210 Martyrinquuest.
980 1147 1006 1193 et
1017 1157 1132 1210 respons.
1190 1139 1275 1193 ortho-

112 1207 176 1260 τίοι.
190 1209 335 1277 quaestion.
348 1207 368 1260 L
425 1209 454 1260 V.
466 1209 511 1260 tol.
523 1207 580 1260 339.
599 1205 720 1259 Ἐνταῦθα
732 1207 774 1278 μὲν
786 1209 817 1259 τὰ
829 1212 870 1276 τῆς
882 1207 990 1268 ἒνώσεοις
1003 1205 1081 1260 πάντα
1093 1209 1162 1260 κοινὰ
1173 1205 1276 1279 ὑπάρχει

112 1275 216 1326 δικαίων
228 1293 254 1327 τε
271 1275 311 1326 καί
328 1275 431 1342 ἀδίκων,
450 1277 490 1327 καί
508 1275 609 1345 οὐδεμία
625 1274 688 1327 ἐστίν
706 1274 729 1327 ἐν
747 1275 829 1336 αὐτοῖς
851 1276 955 1347 διαφορὰ
977 1275 1039 1328 κατὰ
1055 1281 1135 1328 τοῦτο.
1166 1271 1224 1330 Οίον
1246 1277 1274 1328 rb

112 1343 277 1412 γενέσθαικαὶ
290 1343 319 1395 rb
334 1341 504 1410 ἀποθνήσκειν,
517 1344 556 1396 καί
570 1344 597 1395 rb
613 1343 737 1414 ὑγιαίνειν,
750 1345 790 1396 καί
802 1345 830 1396 rb
843 1349 934 1413 νοσεῖν,
953 1345 993 1396 καί
1009 1345 1037 1396 rb
1050 1344 1177 1412 πλουτέῖν,
1195 1345 1234 1396 καί
1245 1343 1274 1396 eb

112 1411 241 1480 πένεσθαι,
260 1412 300 1464 καὶ
318 1411 347 1463 τὰ
359 1409 424 1463 ἄλλα
436 1413 467 1464 τὰ
478 1414 572 1473 τούτοις
585 1411 664 1482 ὅμοια.
693 1413 761 1464 Μετὰ
778 1411 804 1464 δὲ
817 1412 859 1480 τὴν
872 1412 898 1464 ἐκ
911 1419 954 1465 τοῦ
973 1413 1087 1483 σώματος
1107 1411 1190 1474 ἔξοδον
1207 1412 1275 1474 ebibe

132 1480 205 1532 ίνεται
222 1483 271 1532 τῶν
289 1481 388 1533 breuiore
407 1499 431 1532 τε
448 1481 488 1532 καί
505 1480 595 1532 ἀδίκων
612 1479 627 1546 ἡ
646 1480 771 1546 διαστολή.
801 1478 919 1552 ”inaurat
937 1482 983 1552 γὰρ
996 1480 1043 1533 tab
1056 1484 1106 1533 τῶν
1118 1479 1231 1552 ἀγγέλων
1244 1479 1275 1542 είς

112 1549 195 1608 αξίοος
208 1548 289 1600 αὐτῶν
301 1551 399 1610 τόπους.
430 1549 458 1601 Αἱ
471 1547 513 1620 μὲν
530 1552 579 1600 τῶν
594 1549 692 1602 δικαίων
708 1549 784 1620 ψογαί
802 1547 833 1610 είς
850 1549 891 1600 τὶνν
908 1549 1067 1620 παράδεισον,
1085 1546 1141 1602 ἔνθα
1159 1551 1276 1621 συντυχία

112 1635 141 1668 τε
153 1616 193 1667 καί
206 1618 248 1668 θέα
260 1614 373 1688 ἀγγέλων
386 1635 411 1668 τε
429 1618 468 1668 καί
487 1615 664 1688 ἀρχαγγέλων,
683 1618 736 1669 κατ’
752 1609 870 1670 barucius
888 1618 914 1670 δὲ
931 1619 970 1670 καί
987 1625 1031 1669 τοῦ
1049 1625 1159 1688 σωτῆρος
1171 1619 1275 1689 Χριστοῦ

111 1684 178 1736 κατὰ
195 1683 223 1736 rh
243 1684 374 1756 εἰρημένον,
396 1684 573 1755 Ἐιιδημοῖιντες
592 1684 618 1737 ἐκ
636 1691 679 1738 τοῦ
698 1686 820 1757 σώματος,
837 1687 877 1738 καί
889 1685 1045 1757 ἐνδημοῦντες
1058 1686 1119 1756 προς
1131 1685 1173 1738 τον
1185 1687 1273 1756 ιιιίριον.

112 1753 144 1806 At
164 1752 191 1804 bi
207 1755 256 1804 τῶν
269 1752 358 1806 ἀδίκων
372 1754 448 1824 θιηιαί
471 1753 502 1814 είς
514 1756 570 1815 τοίας
582 1752 606 1805 ἐν
619 1759 656 1823 τῷ
667 1753 713 1821 tta
723 1757 825 1822 τόπους,
839 1754 901 1806 κατὰ
913 1754 941 1806 rb
954 1753 974 1806 εί
989 1755 1077 1825 ημένον
1095 1755 1148 1824 περί
1166 1760 1209 1806 τοῦ
1225 1755 1276 1808 Να-

113 1821 160 1890 βου
181 1823 301 1892 οδονόσορ
314 1809 433 1891 βασιὶίέιιίς
450 1795 603 1891 ίίαβνλῶνος.
634 1809 737 1893 ’θ’ᾅθης
750 1821 856 1874 ιιίιτιοθεν
868 1774 997 1893 ἐπικράνθη
1011 1824 1160 1889 συναντήσας
1172 1842 1219 1892 σοι,
1236 1823 1276 1876 καθ

112 1890 145 1942 τὰ
207 1910 225 1950 ς.
256 1891 301 1942 ίίαί
319 1889 375 1942 εἰσιν
392 1889 416 1942 ἐν
434 1895 484 1951 τοῖς
509 1889 581 1952 ἀξίοις
602 1891 684 1942 αὐτῶν
701 1893 785 1951 τόποις
804 1891 983 1962 φυλαττόμεναι
999 1892 1044 1952 ἕως
1062 1895 1103 1958 τῆς
1125 1890 1217 1962 ἡμέρας
1234 1896 1276 1958 τῆς

112 1957 269 2020 ἂναστασεως
282 1958 322 2011 καὶ
334 1955 529 2020 ἀνταποδόσειος.
548 1960 577 2012 Id
589 1965 640 2024 est,
659 1961 692 2011 ln
709 1961 759 2013 bac
777 1965 831 2012 sita
843 1965 946 2029 quaein
957 1965 1046 2014 unione
1059 1965 1173 2030 corporis
1185 1971 1209 2014 et
1220 1965 1276 2013 ani·

111 2046 171 2079 mae
183 2029 313 2096 obtinqunt
324 2033 463 2081 eornmunia
474 2039 533 2082 sunt
543 2033 662 2081 iustarum
674 2040 699 2081 et
708 2033 855 2082 iniustorum
868 2034 965 2081 0mm'a:
977 2041 1001 2082 et
1011 2023 1082 2081 nulla
1094 2037 1131 2080 est
1142 2034 1184 2092 eie,
1197 2047 1276 2099 quan·

113 2105 165 2148 tum
178 2099 215 2148 ιιιί
226 2097 272 2149 bac
280 2101 393 2166 pertinet
404 2100 563 2166 differentia.-
575 2101 652 2149 menti
661 2101 735 2166 piqm
751 2101 855 2160 eteberi,
868 2100 954 2150 valere
963 2107 987 2149 et
999 2109 1141 2166 aspratare,
1154 2099 1276 2151 ditescere

112 2174 139 2216 et
150 2181 231 2232 epm,
244 2177 267 2218 et
276 2167 331 2218 ulia
344 2165 413 2218 bisce
425 2167 530 2218 similia.
546 2165 608 2218 Post
618 2170 710 2219 exitum
721 2183 779 2218 uero
792 2169 934 2218 (animarum
947 2185 960 2218 e
972 2185 1077 2235 corpore
1088 2167 1158 2218 illico
1169 2170 1231 2218 iusti
1242 2165 1275 2218 ob

111 2237 215 2286 iniustis
226 2233 399 2302 reprobantur.
418 2235 586 2286 Abriueuntur
597 2239 661 2286 enim
674 2236 706 2286 ab
719 2236 817 2302 anqelis
828 2237 866 2286 ad
876 2237 1003 2303 eondipna
1014 2236 1064 2286 sibi
1074 2235 1140 2287 leem
1151 2235 1192 2286 Ae
1201 2238 1276 2286 iusto·

113 2317 169 2352 rum
182 2305 281 2370 quidem
292 2307 393 2354 animae
405 2307 432 2354 in
439 2305 602 2372 paradisum,
614 2303 660 2354 nbi
670 2305 844 2356 cousuetudine
853 2313 877 2355 et
888 2313 991 2372 aspectu
1046 2313 1121 2354 uretur
1130 2305 1277 2370 anqelorum

113 2381 139 2422 et
156 2369 382 2438 arebanqelorum,·
396 2390 446 2440 per
463 2375 581 2424 visionem
598 2381 679 2424 autem
696 2382 720 2424 et
733 2377 814 2441 ipsius
829 2375 968 2424 seruatoris
1005 2370 1082 2422 bristi
1094 2389 1144 2439 pro
1162 2389 1189 2423 eo
1202 2381 1275 2440 atque

113 2440 209 2490 elichum
227 2449 276 2490 est:
292 2457 400 2508 perepre
417 2440 533 2492 absumus
548 2461 566 2492 a
584 2457 696 2509 coquere,
720 2449 743 2491 et
755 2449 904 2509 praesentes
921 2441 1040 2492 adsensus
1057 2441 1128 2508 apud
1144 2442 1275 2494 dominum.

113 2506 268 2558 iniustorum
280 2517 363 2560 autem
379 2512 481 2561 animae
492 2513 520 2560 in
535 2513 616 2577 ipsius
630 2509 692 2560 Orci
703 2510 773 2570 looa‚·
786 2527 837 2576 pru
853 2527 880 2560 eo
900 2517 973 2576 atque
991 2511 1084 2560 dietum
1096 2517 1134 2559 eet
1144 2510 1174 2560 de
1186 2508 1276 2560 Nabu-

113 2575 284 2628 chodonosore
294 2594 354 2644 repe
367 2575 519 2644 Babylonis:
530 2581 645 2646 infernus
655 2578 739 2628 subter
750 2577 916 2629 maceriales
927 2580 1000 2628 estin
1013 2593 1143 2628 occursum
1155 2579 1277 2629 aduentus

113 2647 157 2706 tui,
170 2651 217 2695 ele.
241 2643 277 2695 Et
288 2655 453 2698 minuantur
463 2661 574 2716 quaeque
584 2650 612 2697 in
624 2647 686 2697 loeus
697 2663 724 2696 se
735 2647 827 2713 dipsas,
839 2663 914 2714 usqsre
926 2647 963 2697 uel
973 2649 1166 2698 resurrectionis
1176 2655 1201 2699 et
1211 2663 1275 2698 eom·

108 2717 269 2781 pensatiouis
280 2715 353 2768 dien.

164 2779 228 2868 Gap.
244 2780 355 2834 LXXX.
368 2812 401 2822 -
429 2781 590 2835 Poenitentis
607 2782 704 2835 aboleri
719 2784 835 2852 peeeets]
866 2779 1011 2852 Ἐπειδηπιρ
1029 2779 1074 2833 οὐκ
1090 2778 1153 2833 ἔστιν
1170 2779 1276 2851 ἁμαρτία

114 2843 293 2918 ἇσιιγχωρητος
310 2847 377 2919 παρὰ
392 2854 429 2920 τῷ
442 2849 503 2919 θεῷ,
516 2848 540 2902 ἐν
553 2853 603 2910 τοῖς
621 2851 726 2920 γνησίως
739 2849 779 2900 καί
791 2849 844 2901 κατ’
857 2845 923 2910 ἀξίαν
965 2853 1100 2903 τανοοῦσιν.
1118 2849 1275 2904 Athanasius

114 2918 145 2968 de
157 2923 283 2969 eanimum'
294 2923 402 2970 essentia
432 2923 505 2982 atris,
518 2921 607 2987 etfilii,
619 2927 644 2970 et
653 2923 759 2988 spiritus
770 2923 855 2970 saneti
864 2924 927 2971 tom.
953 2958 958 2970 .
970 2918 1015 2972 iol.
1027 2918 1085 2972 392.
1106 2919 1231 2972 Aieuiuus
1243 2917 1275 2972 de

114 2985 208 3038 lirinis
218 2985 311 3038 officiis
322 2987 367 3040 foi.
382 2937 453 3040 leit.
487 2987 589 3057 Oportet
606 2989 642 3039 ad
654 2991 839 3056 paenitentiam
853 2989 976 3040 accedere
988 2993 1120 3040 cumomni
1129 2989 1239 3056 fiducia,
1251 2997 1277 3040 et

114 3055 205 3122 enfide
218 3057 322 3107 eredere
333 3057 513 3118 indubitanter,
528 3060 686 3125 paenitentia
699 3055 797 3107 aboleri
805 3073 878 3124 posse
892 3065 1011 3124 peecata,
1030 3059 1130 3108 etiamsi
1145 3060 1173 3107 in
1189 3057 1274 3108 ultime

113 3125 183 3174 ettae
232 3127 288 3174 'ritu
300 3128 432 3176 commissa
440 3128 580 3192 paeniteat.
600 3122 732 3194 chrysost.
744 3130 807 3177 tom.
820 3124 850 3176 V.
863 3140 940 3176 serm.
953 3123 984 3176 de
997 3124 1134 3245 poepitsst
1144 3122 1274 3246 matii}

1014 3233 1021 3245 .
1068 3209 1097 3245 ee
1127 3209 1143 3245 n
1185 3209 1219 3244 1.
1267 3235 1274 3248 .

113 3274 168 3328 sep.
182 3257 279 3312 XXIV.
308 3259 389 3312 Autor
406 3260 436 3312 de
452 3260 503 3312 fide
521 3261 553 3312 ed
570 3259 636 3314 Petr.
650 3260 755 3313 Disoon.
769 3277 825 3331 esp.
838 3261 880 3313 III.
910 3260 1061 3313 Bechierius
1079 3261 1110 3314 de
1121 3261 1274 3331 reeipiendIs

111 3325 195 3396 lapsis
211 3327 256 3379 iol.
274 3328 332 3382 419.
348 3333 411 3382 tom.
429 3327 448 3382 I.
466 3327 581 3381 biblioth.
617 3335 708 3382 strum.
726 3327 852 3400 Epiphun.
868 3328 968 3382 haeresi
985 3329 1053 3384 LIX.
1084 3329 1224 3398 Augustis.
1243 3329 1275 3382 de

113 3411 200 3465 egone
212 3393 356 3450 Christiano
369 3411 399 3449 os
420 3439 425 3450 .
437 3397 526 3450 XXX.
538 3405 564 3450 et
655 3398 675 3452 1.

163 3463 326 3517 Novstieuns
339 3468 389 3532 est]
401 3413 431 3517 Is
444 3465 559 3530 docebat,
572 3469 638 3536 quad
644 3475 704 3535 post
714 3467 862 3536 baptismum
869 3471 1004 3536 paenitere
1015 3484 1063 3518 nou
1071 3467 1164 3517 lineat:
1176 3476 1201 3518 et
1210 3467 1276 3536 quod

113 3533 220 3586 mortale
228 3542 364 3602 peecatum
376 3536 485 3586 ecclesia
497 3537 595 3587 donare
603 3553 651 3586 non
660 3540 753 3603 possit‚·
764 3539 813 3587 imo
822 3542 909 3654 perire
918 3537 1050 3588 eeclesiam
1060 3535 1204 3602 receptando
1213 3551 1275 3604 pee-

114 3611 222 3654 catores.
240 3601 367 3655 Parianus
379 3603 411 3654 sd
424 3601 642 3673 Symprouisnum
656 3603 730 3672 epIst.
743 3603 785 3656 III.
797 3603 823 3656 io
836 3643 842 3656 .
854 3603 911 3656 310.
924 3610 986 3656 tom.
998 3602 1017 3657 I.
1034 3600 1151 3654 bibiioth.
1163 3609 1274 3672 patrum.

112 3669 249 3740 Remigius
262 3669 471 3724 Altiniodorensis
484 3673 598 3742 episcop.
609 3673 636 3724 in
648 3671 743 3724 Ioelem
756 3687 784 3723 os
806 3711 811 3724 .
825 3671 855 3726 11.
867 3671 912 3726 fol.
925 3670 983 3724 268.
1012 3669 1169 3724 Athanasius
1185 3677 1275 3724 contre

113 3755 204 3792 omnes
217 3737 337 3791 haereses
349 3745 411 3792 tom.
423 3740 442 3792 I.
454 3739 499 3792 iol.
512 3739 569 3794 853.
600 3739 760 3822 Nicephorius
794 3740 893 3792 eilistus
911 3741 1050 3792 ecclesiast.
1067 3737 1157 3792 histor.
1174 3739 1218 3792 lib.
1231 3737 1273 3792 VI.

113 3822 169 3877 esp.
185 3806 228 3860 III.
247 3809 386 3876 Augustis.
398 3815 460 3860 tom.
473 3807 515 3863 IV.
528 3809 554 3860 in
568 3815 710 3878 quaestion.
723 3813 773 3862 ret.
786 3815 811 3860 et
823 3809 884 3861 nori
894 3808 1053 3861 Testamenti
1062 3807 1207 3876 quaestion.
1221 3805 1273 3862 GII.

114 3873 144 3928 ie
155 3873 308 3931 haeresibus
320 3891 349 3928 eu
370 3915 376 3927 .
388 3875 535 3929 XXXVIII.
554 3876 680 3930 Eusebius
693 3877 833 3930 ecclesiast.
845 3876 935 3930 histor.
947 3877 991 3929 lib.
1004 3875 1046 3929 IV.
1059 3891 1114 3944 cap.
1126 3873 1250 3930 XXXIV.

164 3942 226 4013 Gap.
239 3893 407 3998 Lxxxi-
436 3945 552 3997 internus
570 3947 651 3998 animi
668 3946 839 4014 cogitationes
858 3945 989 3998 diabolum
1006 3944 1168 4011 uouridere]
1196 3943 1275 3998 Exiet

112 4010 161 4065 hoe
173 4017 250 4082 ceput
262 4013 331 4082 apud
343 4012 479 4066 Rubenum
491 4015 611 4067 Maurum
625 4013 655 4066 de
668 4029 779 4066 sermon.
791 4015 940 4084 proprietas.
951 4013 995 4066 lib.
1008 4013 1050 4064 1v.
1063 4029 1118 4084 cup.
1131 4013 1166 4066 X.
1194 4011 1273 4082 Chry·

113 4086 175 4135 eost.
193 4080 220 4132 iu
236 4079 325 4136 Ioheu.
344 4097 399 4152 esp.
418 4081 460 4137 III.
477 4081 565 4136 homil.
578 4081 676 4136 XXIII.
705 4082 879 4134 Humanarum
896 4085 1008 4136 cordiam
1025 4082 1222 4148 eoqruits'osollus
1233 4085 1275 4134 elei

113 4152 396 4270 &ibiibi
417 4149 979 4284 listituit?institituit·
1001 4147 1274 4290 ‘titillabit'

113 4281 181 4336 'Euri
194 4231 251 4337 obet
264 4284 333 4337 οὗτοί
346 4284 368 4337 οί
381 4284 480 4355 ἄγγελοι
493 4285 523 4338 τὰ
534 4292 559 4338 ἓν
571 4237 667 4357 isaii,
679 4288 694 4352 ἦ
707 4287 737 4338 τὰ
769 4267 873 4338 ίλίίονταΙ
885 4237 1029 4339 tutantia.
1049 4285 1174 4356 Origenes
1183 4288 1209 4340 in
1220 4287 1273 4343 Iob.

114 4352 158 4408 lib.
172 4353 191 4407 I.
208 4354 253 4407 tot.
264 4352 321 4407 ibi.
340 4353 523 4424 Theophyisot.
536 4356 564 4407 iu
576 4356 692 4408 Murcum
705 4371 726 4409 ο.
738 4305 770 4410 li.
789 4353 925 4409 Duranius
938 4363 1048 4411 sentent.
1059 4355 1104 4408 lib.
1116 4355 1147 4408 11.
1159 4355 1272 4410 disnuet.

113 4420 181 4478 VIII.
194 4431 293 4492 quaest.
306 4422 348 4475 IV.
366 4422 480 4476 Thomas
493 4424 608 4493 Aquinas
618 4423 738 4488 Quodlib.
750 4423 808 4476 XII.
822 4423 920 4478 arnoul.
933 4425 975 4478 VI.

164 4489 215 4544 Sed
233 4491 347 4544 motibus
364 4507 408 4545 ees
425 4493 549 4564 corporis]
579 4493 728 4562 hieronym.
746 4493 774 4545 in
790 4492 884 4547 Psslm.
896 4493 966 4549 XVI.
982 4496 1027 4548 iol.
1042 4495 1081 4547 16.
1110 4493 1236 4546 Diabolus
1246 4497 1274 4546 tn

114 4563 201 4614 anima
214 4563 368 4615 intrinsecus
383 4565 464 4614 αειοιι
479 4563 541 4631 quiri
557 4567 654 4632 capital
669 4561 748 4626 bone,
765 4566 817 4616 nisi
829 4579 878 4633 per
893 4568 1030 4618 aenaea
1044 4571 1124 4618 motus
1138 4563 1272 4631 intellioat.
