3120 4994
576 319 615 361 DE
628 317 811 394 mmmmm.
1213 319 1275 385 309

103 483 367 568 superstitionem
387 499 455 544 esse
477 477 616 544 dicentes
639 479 708 544 iura
734 475 880 542 temerari
906 475 1027 559 divina,
1045 473 1131 560 ”qni
1150 479 1276 568 noctem

103 585 151 651 ad
166 585 308 670 requiem
322 583 441 648 tribuit.

175 688 227 752 64.
249 685 410 772 Pelagiaui
424 707 443 750 a
455 685 581 771 Pelagio
596 683 749 752 monacho
765 685 874 750 exorti.
907 681 948 748 Hi
962 680 1097 747 liberum
1111 680 1276 748 arbitrium

104 791 238 857 divinae
252 793 370 873 gratiae
385 793 594 874 anteponunt,
616 788 755 855 dicentes
778 787 922 854 sulficere
944 785 1139 852 voluntatem
1159 783 1200 852 ad
1214 787 1274 850 im-

104 891 457 980 plendainssadivina.
1139 902 1141 908 '

177 993 227 1060 65.
249 994 426 1062 Nestoriaui
441 1015 460 1059 a
473 993 616 1060 Nestoris
632 991 975 1079 Constantinopolitano
990 993 1137 1078 episcopo
1152 1011 1274 1057 nunon-

106 1101 195 1186 pati‚
215 1101 268 1184 qui
287 1099 411 1163 beatam
430 1101 583 1182 virginem
598 1099 729 1163 Mariam
744 1117 807 1164 non
819 1095 886 1179 dei,
906 1095 962 1160 sad
982 1095 1119 1161 hominis
1134 1100 1274 1162 tantum·

104 1201 204 1266 modo
220 1205 353 1266 asseruit
367 1204 567 1285 genitricem
579 1207 616 1265 ut
629 1201 723 1266 aliam
737 1218 904 1286 personam
919 1199 1036 1282 carnis,
1051 1197 1145 1264 aliam
1159 1197 1276 1264 faceret

107 1305 256 1370 deitatis:
278 1326 335 1370 nec
355 1325 453 1370 unum
468 1304 626 1368 Christum
646 1304 681 1368 in
701 1303 796 1368 verbo
817 1303 869 1368 dei
889 1309 921 1367 et
939 1323 1033 1366 carne
1050 1300 1199 1384 credidit,
1219 1301 1275 1367 sed

108 1409 284 1492 separatim
305 1413 398 1492 atque
425 1409 592 1472 seiunctim
619 1405 752 1472 alterum
773 1405 873 1470 filium
895 1405 962 1488 dei,
983 1404 1117 1470 alterum
1137 1402 1274 1470 hominis

107 1509 315 1596 praedicavit.

176 1612 228 1674 66.
250 1610 531 1704 Eutychianildioti
555 1611 595 1676 ab
619 1611 758 1696 Eutyche
781 1609 1126 1697 Constantinopolitano
1150 1609 1274 1693 abbate,

73 1741 79 1752 ·
108 1717 166 1798 qui
189 1713 347 1778 Christum
368 1720 440 1800 post
460 1713 630 1780 humanam
651 1716 898 1800 assumptionem
923 1714 1049 1797 negavit
1077 1715 1211 1777 existere
1235 1712 1274 1778 de

109 1816 234 1881 duabus
250 1819 380 1899 naturis,
396 1816 451 1881 sed
466 1817 563 1882 solam
579 1818 612 1880 in
628 1838 663 1882 eo
680 1817 820 1882 divinam
835 1819 968 1881 asseruit
983 1837 1051 1880 esse
1067 1820 1219 1880 naturam.

176 1919 227 1983 67.
250 1919 401 2005 Aeephali
418 1919 504 2002 droti,
519 1919 550 1983 id
567 1921 697 1984 estsine
714 1921 824 2006 capite.
861 1918 973 1984 Nullus
995 1920 1079 1984 enim
1100 1939 1207 1984 eorum
1223 1939 1272 1983 re-

109 2023 232 2109 peritur
245 2027 363 2104 auctor,
378 2043 397 2088 a
412 2042 471 2106 quo
487 2025 586 2087 exorti
601 2027 683 2087 sunt.
706 2023 746 2087 Hi
761 2024 857 2086 trium
872 2021 1175 2088 chalcedonensium
1186 2023 1272 2108 capi·

110 2123 248 2190 tulorum
261 2127 494 2210 impugnatores
510 2125 641 2190 duarum
655 2125 688 2190 in
704 2125 825 2190 Christo
842 2125 1087 2190 substantiarum
1097 2128 1272 2212 proprieta-

110 2233 176 2292 tem
192 2233 317 2312 negant,
333 2233 364 2292 et
377 2249 472 2292 unam
487 2230 520 2292 in
536 2231 602 2294 eius
616 2249 750 2314 persona
763 2233 907 2292 naturam
921 2229 1113 2314 praedicant.

177 2330 228 2394 68.
252 2329 461 2396 Theodosiani
476 2337 508 2395 st
523 2333 684 2397 Gaianitae
699 2331 848 2418 appellati
869 2352 887 2394 6
902 2331 1075 2396 Theodosio
1097 2337 1129 2396 et
1144 2333 1273 2416 Gaiano,

111 2435 166 2518 qni
179 2434 373 2519 temporibus
393 2433 560 2498 Iustiniani
579 2433 731 2520 principis
750 2437 784 2499 in
798 2433 989 2500 Alexandria
1007 2433 1115 2520 populi
1133 2438 1272 2522 perversi

112 2535 266 2600 electione
285 2557 347 2602 nno
369 2535 419 2601 die
441 2541 515 2600 sunt
534 2536 668 2602 ordinati
689 2539 837 2622 episcopi.
874 2537 914 2601 Hi
934 2557 1053 2602 errores
1072 2537 1221 2622 Eutychis
1242 2544 1274 2602 et

110 2639 254 2704 Dioscuri
268 2643 435 2724 sequentes
451 2637 704 2704 Chalcedonense
720 2639 887 2704 concilium
902 2645 1070 2726 respuunt,
1092 2661 1131 2704 ex
1151 2640 1272 2706 duabus

111 2763 209 2806 unam
223 2743 257 2806 in
272 2739 394 2806 Christo
409 2747 553 2807 naturam
567 2748 726 2825 asserunt,
746 2763 840 2828 quam
855 2741 1065 2808 Theodosiani
1085 2750 1273 2832 corruptam,

113 2844 277 2910 Gaianitae
292 2847 505 2930 incorruptam
520 2847 723 2913 contendunt.

176 2948 227 3011 69.
250 2949 401 3030 Agnoitaa
418 2953 449 3011 st
463 2947 633 3014 Trithaitae
650 2971 668 3013 a
683 2947 908 3016 Theodosianis
924 2953 1024 3016 exorti
1039 2956 1127 3034 sunt,
1148 2971 1186 3016 ex
1201 2955 1271 3036 qui·

112 3049 171 3114 bus
181 3051 333 3133 Agnoitae
345 3049 384 3114 ab
396 3053 571 3134 ignorantia
582 3051 658 3116 dicti
669 3059 753 3136 sunt,
765 3055 838 3137 quia
849 3055 1056 3142 perversitati,
1071 3075 1161 3140 aqua
1173 3058 1272 3120 exorti

112 3157 197 3234 sunt,
212 3151 245 3216 id
259 3152 421 3236 adiiciunt,
436 3154 519 3238 quod
535 3154 650 3219 Christi
665 3155 812 3222 divinitas
828 3160 950 3241 ignoret
965 3159 1083 3240 lutura,
1103 3179 1182 3244 quae
1198 3164 1272 3223 sunt

111 3257 229 3340 scripta
244 3253 282 3320 de
298 3255 347 3324 die
363 3263 395 3319 et
408 3257 676 3339 horanovissima,
691 3279 754 3324 non
766 3260 965 3325 recordantes
978 3259 1095 3325 Christi
1106 3281 1271 3347 personam

112 3361 144 3422 in
159 3355 283 3422 ²¹Esaia
297 3359 469 3424 dicentem:
484 3359 559 3426 Dies
574 3361 726 3454 iudiciiin
739 3362 921 3428 cordemeo.
945 3362 1117 3428 Tritheitae
1129 3385 1202 3428 vero
1214 3383 1269 3429 vo·

111 3463 173 3526 cati
188 3461 271 3546 quod
287 3464 368 3527 sicut
382 3467 445 3527 tres
460 3483 610 3548 personas
625 3467 659 3528 in
673 3466 827 3548 trinitate,
848 3468 892 3529 ita
908 3486 1031 3550 quoque
1046 3471 1110 3532 tres
1126 3471 1271 3532 astruunt

112 3563 187 3629 deos
202 3583 287 3646 esse,
303 3571 411 3630 contra
424 3565 503 3630 illud
519 3565 601 3650 qnod
617 3568 845 3654 scriptumest:
864 3566 979 3635 ”Audi
993 3568 1105 3654 161661,
1125 3568 1269 3637 dominns

112 3665 188 3732 deus
204 3673 276 3732 tuus
292 3667 369 3732 deus
384 3689 465 3732 unus
482 3673 538 3732 est.

175 3770 224 3836 70.
248 3769 328 3835 Sunt
343 3775 375 3834 at
388 3770 467 3836 aliae
482 3769 627 3838 haereses
642 3773 710 3837 sine
725 3778 849 3839 auctore
865 3779 897 3838 et
911 3778 980 3840 sine
996 3775 1186 3842 nominibus.
1222 3777 1269 3844 Ex

111 3872 224 3958 quibus
239 3872 317 3938 aliae
332 3874 505 3940 triformem
517 3879 630 3960 putant
645 3895 713 3941 esse
728 3875 832 3960 deum,
846 3877 925 3943 61166
941 3879 1056 3944 Christi
1072 3879 1269 3947 divinitatem

111 3975 291 4061 passibilem
306 3977 426 4060 dicunt,
440 3977 519 4042 aliae
533 3977 690 4044 nativitati
698 3979 813 4045 Christi
825 3980 862 4046 de
878 3987 965 4067 patre
980 3983 1105 4046 initium
1118 3987 1268 4068 temporie

112 4077 203 4160 dant,
217 4079 296 4145 aliae
311 4081 529 4146 hberationem
542 4081 705 4146 hominum
718 4081 802 4168 apud
816 4084 933 4150 inferos
948 4085 1064 4150 factam
1079 4085 1195 4152 Christi
1211 4085 1266 4152 de·

111 4183 307 4246 scansionem
321 4203 384 4248 non
400 4183 542 4265 eredunt,
557 4182 636 4251 aliae
651 4187 789 4249 animam
803 4188 973 4269 imaginem
985 4185 1035 4251 dei
1046 4194 1172 4272 negant,
1187 4189 1267 4256 aliae

112 4285 231 4348 animas
240 4288 379 4349 converti
386 4285 421 4352 in
433 4285 600 4352 daemones
612 4291 644 4350 et
654 4288 688 4352 in
700 4307 901 4372 quaecunque
914 4289 1062 4356 animalia
1073 4293 1266 4378 existimant,

112 4383 189 4449 aliae
205 4384 243 4450 de
258 4383 367 4452 mundi
381 4393 465 4454 statu
480 4389 679 4472 dissentiunt,
695 4389 773 4455 aliae
787 4391 1031 4460 innumerabiles
1046 4393 1179 4462 mundos
1197 4400 1264 4484 opi·

160 4535 201 4592 20.
216 4536 256 4607 Os.
269 4555 334 4608 quaa
345 4541 500 4596 adtrotaocro
510 4545 582 4611 infru
594 4542 785 4598 soladronam
796 4543 876 4598 Paeti
887 4561 909 4600 c.
921 4545 965 4600 42.
1000 4545 1123 4604 21661.
1135 4547 1227 4620 txlss,
1239 4551 1263 4608 4.

112 4603 152 4660 21.
164 4605 303 4662 Denteren.
317 4605 358 4674 VI,
369 4609 394 4662 4.
