3144 4986
293 300 334 364 66
798 299 948 340 eumaeum

184 526 194 541 .
290 455 416 536 genitus
432 458 644 537 cognoscatur.
681 454 782 520 Varus
803 458 889 520 enim
909 454 986 522 deus
1005 455 1174 523 ullomodo
1192 477 1260 523 esse
1275 477 1339 524 non
1354 463 1461 543 potest

291 556 376 620 filius
390 559 501 621 unicus
516 558 579 622 nisi
598 559 641 620 sit
659 556 697 622 de
716 561 815 643 patris
836 557 891 622 illa
909 559 1017 624 diviua
1037 559 1215 626 substantia
1228 563 1352 646 proprie
1367 564 1457 644 gani-

290 664 352 724 tus.
379 659 577 744 Sempiterna
591 659 763 726 similitudo
783 663 888 746 itaque
910 659 967 726 lilii
981 661 1047 726 lest
1062 663 1235 728 secundum
1250 683 1361 749 opera,
1383 667 1459 746 quia

289 763 466 848 sicutfactt
473 774 580 848 poter,
596 764 721 846 etfiliua
735 765 972 850 aimc'lo'torfocit
986 767 1120 848 omnies,
1135 765 1192 830 ⁸de
1208 767 1307 851 ipsius
1322 765 1456 850 qnahia-

289 865 351 930 tis1¹
366 864 474 931 diuina
488 866 667 932 substantia
680 868 816 949 genitus,
831 869 905 950 quia
924 867 961 934 de
977 870 1046 953 ipso
1059 875 1152 933 natus
1168 873 1217 933 est
1227 872 1353 955 proprie
1368 890 1454 934 sem·

288 969 446 1052 piternus,
465 989 529 1034 non
548 969 650 1034 lactus
669 989 708 1034 ex
725 969 839 1052 nihilo,
858 977 894 1034 ut
912 969 1004 1036 homo
1026 976 1059 1034 et
1078 971 1208 1054 angelus
1229 972 1300 1038 ⁹aut
1314 977 1458 1044 creatura

287 1069 394 1156 aliqua
408 1077 465 1136 cst.

121 1169 171 1223 ⁰⁸¹³·
184 1168 270 1212 '‘Ilu-
310 1185 313 1190 “
352 1175 576 1240 ¹Semiariani⁸
591 1181 667 1240 sunt
681 1195 811 1260 quoqne.
835 1172 892 1240 ²lli
909 1173 947 1240 de
959 1181 1047 1262 patre
1060 1183 1092 1242 et
1104 1177 1166 1243 filio
1179 1177 1277 1242 ³bone
1288 1177 1456 1260 sensura,

287 1295 385 1344 unam
396 1277 555 1361 qualitatis
568 1278 788 1360 substantiam,
803 1299 899 1342 unam
911 1278 1110 1346 divinitatem
1121 1301 1190 1345 esse
1202 1280 1377 1363 credentes,
1389 1283 1455 1366 spi-

287 1384 384 1446 ritum
397 1387 503 1446 autem
514 1402 578 1447 non
593 1381 631 1446 de
644 1381 750 1446 divina
758 1381 944 1466 substantia,
960 1401 1018 1448 nec
1031 1383 1125 1450 deum
1135 1405 1254 1466 verum,
1269 1383 1326 1448 sed
1336 1383 1456 1448 sactum

287 1490 381 1568 atauo
397 1489 553 1550 oreatum⁰
568 1486 714 1569 spiritum
729 1483 962 1569 praedicantes,
977 1492 1013 1550 ut
1027 1507 1100 1552 enm
1115 1489 1306 1570 coniungant
1321 1491 1354 1550 et
1368 1507 1455 1552 corn-

287 1593 400 1672 parent
419 1593 594 1670 creaturae,
614 1607 686 1651 cum
706 1587 848 1652 Christus
864 1587 1009 1652 dominus
1024 1591 1106 1674 patri
1122 1596 1154 1652 ct
1168 1589 1228 1656 sibi
1247 1591 1282 1652 iu
1297 1590 1358 1654 fide
1373 1590 1454 1676 bap·

248 1671 251 1682 ⁴
286 1690 393 1756 tisrnid
421 1689 531 1756 salutis
555 1697 701 1756 aeternae
731 1693 942 1772 coniunxerit,
969 1712 1101 1776 eumque
1125 1712 1196 1756 cum
1219 1698 1306 1778 patre
1333 1693 1454 1757 attilio

287 1796 408 1860 cunctis
429 1793 631 1862 credentibus
650 1791 861 1857 adorandum⁰
882 1795 1022 1876 iusserit,
1044 1797 1190 1878 omanue
1212 1794 1316 1859 seculo
1339 1795 1454 1859 ⁴deum

285 1897 413 1963 verumf
430 1895 674 1983 praedicandum
694 1899 853 1960 statuerit:
874 1917 938 1962 non
957 1896 1170 1980 intelligentes
1191 1897 1274 1982 quod
1294 1897 1453 1982 evangeli-

286 2005 355 2064 stag
371 2021 443 2065 cum
458 1999 549 2081 dicit,
575 1999 689 2064 Ontonia
702 2021 764 2086 por
781 2002 887 2085 o'psum
897 1999 1097 2084 factasunt,
1114 2011 1142 2063 et
1160 2002 1227 2066 aiae
1244 2003 1314 2086 apso
1321 2001 1455 2086 fuctum

287 2103 454 2185 catallotll,
473 2123 537 2168 non
557 2101 596 2166 de
616 2103 730 2186 spiritu
751 2107 859 2167 sancto
875 2101 966 2185 dicit,
986 2105 1077 2186 quasi
1096 2103 1214 2168 sactum
1234 2105 1382 2190 spiritum
1396 2125 1454 2189 per

354 2305 624 2374 restauremus.
667 2305 691 2358 8.
704 2305 735 2386 de
746 2305 829 2376 ipsius
842 2305 875 2358 A.
888 2311 915 2358 et
926 2304 967 2358 dei
978 2305 1059 2427 ippius
1076 2311 1115 2387 est
1127 2308 1227 2376 reliqui.
1266 2306 1454 2362 9.1taBatc.

287 2375 325 2428 As
334 2379 362 2428 iu
373 2375 408 2430 A.
418 2377 511 2442 legitur
522 2379 552 2427 ut
562 2379 680 2427 creatura
691 2377 780 2444 aliqua
791 2391 858 2445 quae
870 2379 911 2427 est
922 2391 993 2428 omns
1011 2392 1043 2430 us
1052 2375 1181 2442 occidens,
1193 2377 1342 2445 quaevorta
1352 2381 1455 2430 mundo

285 2449 338 2498 ita:
349 2449 397 2498 aut
413 2451 531 2496 creatura
547 2443 642 2512 aliqua,
654 2459 721 2512 quae
733 2449 775 2496 ost
786 2443 892 2496 omnino
907 2443 1035 2496 occidens.

269 2535 277 2554 ·
354 2511 417 2594 cap.
429 2511 533 2568 iarun.
556 2517 584 2593 p
602 2511 683 2592 stag.
701 2515 853 2633 eoisqapom
870 2522 909 2564 aa
923 2511 1091 2566 stonense
1109 2545 1142 2554 -
1178 2497 1265 2568 unns
1280 2513 1454 2568 suntSemia-

284 2579 446 2647 rianihrA.
498 2579 806 2635 ithrAchnBan.
857 2579 1066 2638 3.beneom.A.
1117 2582 1141 2636 4.
1160 2581 1325 2638 donmallio.
1337 2601 1398 2638 enm
1411 2585 1453 2638 ab.

284 2785 436 2912 γρίθίίϋνῖι
450 2785 570 2840 similiter
586 2785 649 2840 facit
667 2785 764 2853 omnia]
788 2783 841 2840 Ioh.
894 2795 1016 2908 pptorupe
1028 2786 1454 2908 θειᾳιὲιὶὰἓὲυῐίιιέρνηιοὶνίίηειν-

310 2897 344 2977 h.
362 2859 487 2994 delphius
499 2923 644 2993 qualitatis]
663 2921 759 2976 Eadem
770 2923 843 3044 puali
927 2872 1073 2978 daddddlld
1085 2860 1452 2994 Scrgdfflifiblus·)admndum]

284 2995 293 3046 i
312 2991 413 3046 sudeus
425 2998 518 3046 natura
529 2992 669 3062 praeditus.
687 2991 731 3044 Sic
742 2993 769 3044 in
795 3009 841 3045 ac.
892 2991 933 3046 Ex
945 2993 1004 3062 ipsa
1013 2992 1059 3044 illa
1069 2993 1193 3063 baptismi
1204 2994 1317 3048 formula
1325 2993 1452 3061 ἐπίκλησιν

302 3061 326 3114 6.
338 3080 430 3124 ,unum
439 3061 572 3130 paralitatis
579 3062 753 3124 substantium,
765 3080 841 3114 aarum
892 3067 971 3130 atque
983 3061 1162 3116 adorationem
1173 3063 1323 3131 religiosam
1341 3081 1361 3116 s.
1377 3065 1453 3134 spiri·

285 3132 443 3182 divinitatem
456 3147 508 3180 caeo
520 3130 672 3182 credontes.”
707 3129 764 3196 (F.)
892 3135 935 3182 tus
947 3129 1012 3182 colle
1033 3135 1109 3184 erunt
1119 3137 1219 3184 veteres
1232 3129 1378 3195 Christiani,
1394 3135 1452 3201 qui-

327 3197 389 3267 Gap.
400 3195 505 3252 LXVII.
519 3229 552 3238 -
569 3214 592 3250 a
605 3197 770 3264 Samiariani]
788 3198 842 3250 Hoc
894 3198 943 3250 bns
956 3145 1113 3268 perdiscitur
1125 3197 1156 3258 εἰς
1170 3199 1196 3250 ὼ
1212 3193 1291 3268 ὄνομα
1306 3206 1347 3251 est
1364 3199 1452 3268 βαπτί-

284 3267 390 3319 nomine
408 3265 547 3320 Philastrio
567 3266 654 3318 venue
697 3267 843 3334 erspicunm
894 3265 975 3326 (sohar
993 3263 1197 3336 ἐπικαλεσάμενον
1215 3265 1242 3320 τ“ο
1261 3263 1341 3338 ὄνομα
1357 3269 1453 3348 patris,

284 3341 336 3400 est,
353 3335 398 3404 qui
413 3335 471 3386 aliis
487 3333 580 3386 deinde
591 3335 666 3386 Maca
685 3333 772 3386 ouiani
787 3335 843 3386 siue
893 3333 940 3386 filii
952 3341 978 3386 ct
990 3335 1096 3404 spiritns
1105 3353 1135 3400 s.,
1151 3337 1189 3388 uti
1201 3353 1235 3388 cx
1246 3336 1310 3388 locis
1321 3335 1452 3405 Ongenis,

282 3401 524 3466 Pnaumatomachi,
546 3402 663 3455 damnati
681 3403 709 3454 in
727 3401 842 3454 Concilio
893 3401 1037 3456 FirmiIiani
1052 3404 1213 3473 aliorumque
1233 3405 1327 3474 probat
1341 3405 1373 3458 D.
1387 3405 1451 3458 Got-

283 3471 303 3524 G
323 3471 420 3524 olitano
437 3471 468 3524 Α.
482 3469 510 3523 (l.
523 3470 582 3524 381.
602 3469 769 3543 Macedonius
786 3471 842 3540 ipse
893 3470 974 3524 fridus
993 3471 1110 3524 Olearius
1130 3477 1228 3536 noster,
1241 3469 1254 3524 ὁ
1267 3473 1410 3542 μακαρίτης,
1424 3475 1459 3527 ln-

283 3489 321 3592 ol
329 3539 448 3592 haeresin
464 3537 579 3592 deiectus
591 3538 726 3608 Cpolitano
743 3539 842 3608 episto·
894 3537 955 3592 diss.
977 3539 1008 3591 da
1025 3539 1131 3608 spiritus
1149 3559 1169 3594 a.
1187 3557 1247 3592 curu
1263 3547 1336 3610 patra
1352 3548 1379 3594 et
1393 3541 1450 3594 filio

282 3615 346 3678 patu
357 3609 388 3662 A.
400 3607 459 3660 361.
494 3607 551 3673 (F.)
892 3606 1042 3662 moratione
1051 3614 1078 3661 et
1086 3609 1273 3677 glorificatione
1283 3609 1451 3663 contraGuil.

316 3677 342 3730 b.
361 3675 392 3728 do
431 3679 486 3728 atra
506 3681 533 3727 et
552 3673 605 3728 tilio
626 3675 693 3728 hene
714 3675 840 3742 sentiunt]
891 3673 1070 3741 Whistonum,
1086 3677 1155 3728 edita
1166 3676 1270 3747 Lipsiae
1285 3675 1356 3730 llll.
1369 3695 1394 3747 p.
1411 3679 1450 3731 12.

282 3743 354 3797 ldenr
366 3745 398 3798 de
455 3741 564 3796 cadonio
576 3741 690 3796 affirmat
701 3743 840 3796 Ratramns
892 3760 946 3824 seq.
964 3743 1029 3798 Vide
1041 3745 1120 3798 etiam
1132 3762 1199 3814 quae
1211 3744 1325 3798 Basilius
1337 3746 1404 3800 lihro
1418 3747 1450 3800 de

282 3813 348 3865 libro
361 3813 385 3866 2.
398 3817 490 3866 contra
502 3809 614 3864 Graecos
626 3827 648 3863 c.
661 3811 684 3863 2.
704 3810 840 3864 Caeterum
891 3811 990 3882 Spiritu
1001 3811 1029 3865 S.
1041 3829 1063 3866 c.
1079 3813 1116 3866 19.
1152 3813 1209 3880 (F.)

282 3880 352 3934 idem
367 3897 420 3934 non
436 3879 468 3933 da
484 3879 605 3932 omnihus
621 3895 700 3948 possa
716 3879 839 3932 affirmari
924 3880 942 3933 f.
960 3881 1038 3934 deum
1049 3884 1150 3950 uerum]
1167 3881 1208 3934 lta
1223 3898 1276 3934 non
1288 3881 1379 3936 dubito
1390 3883 1450 3936 Phi-

283 3947 464 4012 Semiarianis,
477 3947 579 4002 abunda
591 3947 667 3999 docet
678 3947 726 4016 Epi
745 3945 839 4002 hauius
890 3948 1066 4016 lastriumscri
1085 3951 1151 4003 sisse
1177 3967 1372 4004 rerumrerum.
1391 3953 1450 4020 (F.)

282 4016 383 4072 haeresi
394 4015 513 4072 LXXIII.
526 4015 567 4069 23.
579 4022 606 4067 et
618 4015 659 4068 27.
694 4019 707 4076 (
714 4083 719 4094 .
732 4023 750 4082 .)
925 4033 951 4136 p.
969 3967 1141 4086 avangelista]
1159 3967 1213 4072 loh.
1226 4017 1245 4070 l.
1257 4018 1282 4071 3.
1322 4019 1381 4088 (F.)

316 4103 338 4139 c.
356 4086 455 4138 lactum
466 4093 545 4158 atque
557 4085 683 4151 meatum]
702 4083 798 4154 [κτίσμα
815 4091 841 4138 et
944 4125 951 4138 .
968 4091 995 4137 et
1006 4085 1062 4138 sine
1074 4087 1130 4156 ipso
1142 4087 1241 4140 lactum
1254 4087 1382 4156 estnihil]
1400 4087 1448 4142 Fa·

282 4155 385 4225 aolupa
407 4153 445 4206 lo.
459 4153 575 4208 Zonaras
589 4151 694 4206 (lunone
709 4152 840 4224 inDoipa·
891 4153 927 4206 cit
950 4151 1102 4208 Philastrius
1126 4172 1193 4210 cum.
1208 4156 1254 4220 iis,
1282 4157 1327 4224 qui
1350 4173 1449 4212 novum

282 4239 350 4276 ram:
365 4221 531 4287 ,Μακεδόνων
543 4218 640 4282 πάντως
649 4221 731 4290 inpetu
743 4219 839 4291 ἀφέντες
890 4237 994 4276 comma
1004 4221 1132 4292 Incipiunt
1140 4223 1209 4294 apud
1216 4223 1359 4278 Iohannem
1369 4241 1450 4279 arer-

282 4291 325 4342 a‘ov
345 4290 451 4361 λέγοντα
463 4289 553 4360 κτίσμα
568 4308 593 4342 τε
610 4289 650 4341 aul
667 4289 761 4359 ποίημα
782 4283 840 4342 εἶναι
891 4291 943 4344 bis:
960 4293 1026 4358 quod
1033 4296 1136 4360 suctum
1153 4302 1191 4344 est
1205 4297 1233 4344 iu
1248 4296 1304 4362 spuo
1315 4297 1371 4346 uita
1383 4305 1449 4349 erut.

283 4357 311 4410 τὸ
331 4355 443 4410 ἄπτωτον
455 4362 550 4439 πνεῦμα
562 4357 641 4409 οεοῦ.”
676 4357 733 4426 (F.)
889 4357 1450 4430 Uticenstatetiamusurpatumablrenaeo,

317 4427 341 4480 d.
353 4428 381 4480 in
389 4427 440 4479 fide
446 4425 581 4505 baptismi]
589 4425 712 4506 normula
717 4425 839 4506 baptismi
890 4426 1022 4507 Clemente
1033 4429 1109 4482 Alex.
1121 4429 1264 4500 Theophila
1275 4429 1450 4497 Antiocheno,

284 4493 311 4545 in
323 4495 427 4546 nomina
461 4501 523 4546 atras
539 4499 567 4544 ct
581 4493 641 4558 filn,
658 4501 685 4546 et
699 4501 838 4562 spirituas.
890 4495 1009 4564 Origene,
1021 4495 1193 4563 Tertulliano,
1210 4497 1354 4564 Lactantio,
1367 4500 1450 4554 Euse-

283 4561 375 4618 Matth
387 4511 508 4618 xxlffl.
523 4561 561 4615 19.
582 4559 732 4630 Baptismus
747 4563 839 4616 solutu
889 4563 944 4629 bio,
960 4565 1108 4636 Augustino
1123 4567 1233 4638 aliisque
1249 4569 1352 4635 multis,
1368 4570 1449 4624 etiarn
