3120 4994
612 205 822 250 amaremus
1236 205 1295 272 251

133 366 212 432 lutis
233 365 371 445 adferre3
395 383 455 430 nec
476 383 665 450 quemquam
686 385 793 431 eorum
813 385 891 450 quos
911 363 1073 449 decipiunt
1091 361 1297 449 baptizandos

134 475 257 556 putent.
289 469 451 534 Orationes
466 470 585 532 faciunt
599 467 640 533 ad
654 467 752 533 solem
767 489 823 554 por
838 468 937 549 diem,
957 487 1080 550 quaqua
1093 487 1220 532 versum
1235 469 1297 530 cir·

135 575 217 637 enit:
232 572 272 636 ad
286 571 394 636 lunam
408 591 464 658 per
479 571 620 653 noctem,
640 574 668 636 si
683 577 826 656 apparet3
847 574 874 634 si
889 576 994 634 eutem
1009 590 1073 634 non
1093 575 1237 655 apparet,
1257 569 1297 634 ad

134 673 326 759 aquiloniam
341 681 477 761 partem,
500 695 562 759 qua
577 674 623 739 sol
639 695 710 738 cum
726 675 875 743 occiderit
891 673 931 737 ad
954 675 1107 738 orientem
1121 675 1296 736 revertitur.

135 778 229 843 Stant
243 785 378 843 orantes.
400 779 604 842 Peccatorum
619 783 723 842 autem
738 779 889 860 originem
904 797 968 840 non
983 775 1082 840 libero
1098 776 1225 840 arbitrio
1240 795 1296 840 vo·

134 881 277 963 luntatis,
292 881 349 946 sed
364 881 558 946 substantiae
573 881 717 946 tribuunt
731 881 832 963 gentis
848 879 1013 960 adversae,
1033 898 1128 962 qnam
1144 877 1296 961 dogmati·

135 989 208 1048 aaut
223 1005 292 1048 esse
307 985 486 1050 hominibus
501 986 642 1049 mixtam.
681 983 813 1047 Omnem
834 1001 907 1047 vero
929 1003 1056 1047 carnem
1069 1001 1134 1046 non
1149 981 1295 1046 divinita-

135 1089 187 1169 tis,
202 1085 259 1150 sed
273 1087 374 1152 malae
390 1089 505 1152 mentis
521 1085 672 1151 adserunt
686 1105 755 1151 esse
771 1086 947 1171 opificium,
968 1103 1046 1170 qnae
1067 1087 1222 1150 contrario
1238 1084 1295 1148 deo

136 1194 301 1254 ceaetema
321 1195 378 1254 est
416 1188 579 1254 Camalem
600 1190 904 1274 concupiscentiam,
929 1209 991 1272 qua
1011 1207 1081 1252 cero
1102 1189 1297 1272 concupiscit

135 1291 285 1356 adversus
301 1295 461 1378 spiritum,
482 1293 691 1358 substantiam
710 1291 820 1356 volunt
835 1311 904 1355 esse
920 1293 1123 1372 contrariam,
1144 1293 1189 1354 sic
1204 1290 1296 1355 nobis

136 1394 374 1477 adhaerentem,
389 1401 425 1459 ut
439 1395 564 1479 quando
579 1395 749 1460 liberamur
762 1400 857 1478 atque
872 1415 1058 1479 purgemur,
1076 1390 1191 1458 iterum
1205 1413 1295 1478 repa·

135 1503 236 1580 retur,
256 1503 287 1561 ct
301 1500 335 1562 in
350 1519 407 1564 sua
421 1504 533 1562 natura
548 1499 642 1562 etiam
657 1500 727 1583 ipsa
740 1497 959 1562 immortaliter
977 1499 1073 1562 vivat.
1110 1497 1146 1560 In
1161 1517 1223 1560 unc
1238 1497 1295 1562 ho-

135 1601 220 1664 mine
235 1600 313 1664 duas
328 1601 438 1665 dicunt
452 1603 573 1666 animas
589 1621 674 1683 esse,
696 1605 727 1664 et
742 1600 819 1664 duas
834 1606 972 1682 mentes,
993 1619 1108 1683 easque
1128 1619 1184 1684 per
1203 1605 1295 1663 natu-

135 1723 202 1766 ram
217 1705 401 1785 contraries,
415 1704 514 1768 bonas
531 1709 562 1767 et
575 1703 686 1785 malas,
701 1723 816 1786 easque
832 1703 942 1767 dicunt
956 1704 1037 1766 inter
1049 1723 1082 1766 se
1094 1702 1207 1766 habere
1220 1723 1295 1766 con·

135 1803 263 1870 dictum.
299 1805 401 1870 Finito
421 1812 525 1870 autem
545 1809 605 1871 isto
626 1806 769 1887 saeculo,
790 1811 863 1890 post
882 1805 1157 1888 conflagrationem
1174 1804 1296 1887 mundi,

134 1909 227 1972 istam
242 1908 451 1974 substantiam
465 1908 540 1974 mali
560 1912 592 1973 iu
613 1909 704 1991 globo
726 1909 860 1993 quodam
876 1908 985 1973 dicunt
998 1913 1158 1991 tamquam
1178 1909 1211 1971 in
1227 1929 1294 1972 car-

135 2031 204 2074 cere
220 2031 290 2075 csse
305 2013 468 2077 victuram.
491 2012 547 2077 Cui
561 2011 652 2095 globo
667 2011 835 2076 adfirmant
849 2031 1047 2076 accessurum
1060 2017 1092 2074 et
1103 2031 1227 2096 semper
1238 2011 1294 2076 ad·

134 2113 303 2179 haesumm
317 2115 427 2198 ⁹quasi
446 2117 672 2201 coopertorium
694 2120 787 2198 atque
806 2116 973 2178 tectorium
993 2135 1032 2178 ex
1052 2114 1217 2180 animabus
1237 2135 1293 2178 na·

133 2219 204 2282 tura
219 2217 346 2301 quidem
362 2219 462 2299 bonis,
478 2219 533 2283 sed
549 2226 655 2284 tamen
670 2236 749 2303 quae
764 2239 828 2282 uon
843 2220 1001 2304 potuerint
1016 2218 1035 2282 a
1049 2222 1178 2282 naturae
1192 2216 1294 2283 malae

134 2323 317 2404 contagione
331 2321 486 2386 mundari.
1364 2319 1366 2326 ’

197 2423 457 2507 Quadragesimus
477 2427 629 2510 septimus
649 2422 824 2490 haereticus
846 2424 980 2488 Hiereca
1000 2423 1176 2488 Hieracitas
1202 2425 1293 2490 insti·
1312 2464 1363 2515 Q,
1377 2465 1461 2506 mn,

132 2527 201 2592 tuit.
231 2527 273 2590 Hi
288 2530 547 2594 resurrectionem
562 2529 664 2592 carnis
679 2533 805 2610 negant.
842 2527 1027 2593 ¹Monachos
1042 2531 1166 2590 tantum
1180 2532 1212 2590 et
1225 2549 1293 2592 mc-

132 2627 262 2712 naohas,
277 2635 309 2693 et
321 2651 373 2694 ecs
386 2633 438 2714 qui
451 2633 663 2714 coniugianon
676 2630 804 2712 habent,
819 2631 853 2693 in
865 2631 1115 2694 communionem
1126 2633 1292 2716 recipiunt.

131 2731 181 2797 Ad
195 2753 327 2814 regnum
342 2733 498 2798 caelorum
513 2754 575 2798 nou
590 2735 746 2818 pertinere
761 2733 906 2819 parvulos
922 2733 1042 2814 dicunt,
1056 2735 1205 2815 quianon
1220 2739 1294 2797 sunt

132 2835 177 2898 eis
190 2837 304 2900 merita
317 2835 381 2900 ulla
393 2839 644 2920 certaminisque
656 2836 734 2900 vitia
745 2841 941 2922 superantur.
964 2835 1079 2900 Contra
1089 2835 1172 2899 hunc
1185 2855 1292 2900 susce·

131 2939 178 3022 pit
196 2945 324 3004 sanctus
338 2939 546 3025 Aphrodisius
566 2939 762 3024 Hellesponti
782 2943 963 3024 episcopus,
986 2939 1133 3004 adserens
1153 2959 1292 3004 resurre-

132 3042 270 3105 ctionem
284 3045 386 3107 carnis
402 3049 435 3106 et
448 3063 527 3107 novo
543 3049 575 3106 et
588 3043 687 3106 veteri
702 3047 890 3108 testamento
907 3061 977 3107 esse
992 3043 1157 3106 firmatam.
1184 3042 1291 3116 Insan-

129 3149 178 3208 tes
193 3149 299 3209 autem
314 3147 378 3209 iam
392 3145 535 3210 homines
551 3165 634 3210 esse:
651 3151 683 3209 et
697 3147 780 3210 sicut
799 3148 825 3210 ei
841 3147 911 3229 quis
933 3165 985 3210 eos
1005 3145 1141 3227 occidat,
1160 3145 1291 3212 homici-

131 3245 189 3311 dae
204 3250 339 3333 suscipit
353 3251 486 3328 crimen,
502 3249 546 3312 sic
563 3251 616 3332 qui
632 3269 684 3313 eos
700 3248 888 3334 baptismate
905 3251 1149 3330 consecraverit,
1169 3271 1291 3314 merce-

131 3349 204 3415 dem
224 3351 285 3414 sibi
306 3350 344 3416 de
360 3351 495 3416 hominis
512 3349 612 3415 salute
623 3351 768 3435 adquirit.
806 3352 1064 3416 Communioncm
1079 3351 1157 3416 nulli
1172 3373 1290 3436 negan-

131 3451 203 3517 dam
217 3455 280 3518 nisi
300 3453 349 3519 his
371 3454 424 3538 qui
444 3456 673 3540 praetermissis
695 3453 878 3538 coniugibus
897 3456 1031 3540 propriis
1052 3454 1170 3520 alienas
1185 3457 1290 3540 requi·

129 3563 212 3621 runt.

194 3658 437 3742 Quadragesima
452 3667 561 3724 octsave
572 3660 711 3725 haeresis
723 3664 772 3724 est
782 3658 1031 3742 Meletianorum,
1046 3661 1199 3726 aMeletio
1212 3681 1289 3746 quo·
1310 3680 1360 3732 cao.
1374 3681 1472 3722 rcvnr.

128 3761 211 3828 dem.
234 3763 479 3830 Nolentesorare
489 3784 559 3828 cum
567 3763 616 3828 his
625 3765 719 3847 quiin
731 3763 947 3848 persecutione
957 3763 1144 3845 ceciderant,
1153 3763 1291 3830 schisma

126 3866 281 3930 fecerunt.
319 3867 436 3944 Quibus
457 3867 573 3930 restitit
592 3873 719 3932 sanctus
734 3865 868 3931 Basilius
884 3869 1049 3952 episcopus
1065 3867 1290 3952 Cappadociae,

128 3968 238 4034 dicens
253 3970 402 4034 maiorem
418 3971 486 4058 spei
501 3975 533 4033 et
547 3969 621 4034 fidei
634 3973 806 4053 caritatem,
822 3991 900 4054 quae
916 3973 1021 4034 omnia
1034 3969 1160 4052 toleiat,
1176 3977 1208 4034 et
1220 3991 1288 4035 ma-

126 4077 204 4138 nuni
219 4071 317 4156 lapsis
332 4073 431 4154 magis
446 4072 674 4158 porrigendam.
711 4073 860 4138 Hortatur
872 4075 966 4138 etiam
980 4072 1184 4158 desperantes
1198 4093 1288 4138 rccu-

124 4175 289 4260 peratione
301 4174 516 4260 provocandos
527 4181 562 4239 ut
574 4175 717 4260 redeant3
730 4177 757 4240 si
769 4177 896 4260 quidem
907 4177 1001 4240 otiam
1013 4176 1149 4259 ¹angelis
1158 4176 1191 4242 in
1203 4175 1288 4244 caclo

178 4360 202 4414 9.
215 4365 241 4414 et
271 4360 329 4412 uari
340 4359 414 4414 MSS.
426 4363 450 4412 A
488 4361 590 4425 .Rem.,
606 4371 631 4415 ct
641 4363 697 4416 edd.
708 4359 786 4416 Sira.
802 4362 871 4415 Gall.
886 4361 925 4430 Os.
937 4361 1103 4430 depactione.

177 4427 241 4500 Gap.
301 4427 356 4482 Vll.
368 4459 401 4470 -
415 4429 437 4482 l.
447 4379 592 4485 blonachos
603 4436 691 4484 autem
703 4435 805 4485 tantum
816 4429 871 4483 MS.
884 4431 952 4504 *4¹⁴9-

177 4495 414 4568 cap.xuvl11.-
428 4497 450 4552 1.
461 4497 524 4552 Luc.
537 4499 595 4565 XV,
609 4499 648 4552 10.
