3120 4994
249 1205 594 1299 GENNADII
638 1200 1117 1296 MASSILIENSIS

644 1417 735 1462 um

342 1569 395 1636 DE
417 1555 738 1636 ECCLESIASTICIS
759 1566 1034 1636 DOGMATIBUS.

104 1877 298 1998 Credimus
313 1951 411 1996 unum
426 1949 494 1995 osee
510 1929 603 1994 deum
619 1933 739 2015 petrem
754 1935 787 1993 et
796 1929 896 1994 filium
911 1935 943 1992 et
957 1931 1100 2014 spiritum
1112 1932 1270 1992 sonetum:
1288 1953 1340 2005 erp.
1353 1953 1370 1996 1.

103 2043 234 2124 patrem
248 2056 285 2100 eo
300 2033 383 2118 quod
397 2033 496 2097 filinm
511 2031 636 2114 hebeat,
657 2031 756 2096 filium
770 2052 806 2096 oo
823 2031 905 2116 quod
925 2039 1045 2118 petrem
1059 2029 1184 2114 habent,
1206 2033 1271 2116 spi·
1357 2063 1360 2067 ·

104 2143 206 2204 ritum
222 2143 366 2204 sanctum
381 2157 416 2202 eo
433 2133 515 2220 quod
530 2137 572 2199 sit
586 2155 624 2199 ex
634 2141 722 2220 patro
738 2135 787 2198 ¹et
801 2133 874 2199 filio.
896 2135 989 2199 Peter
999 2155 1070 2218 ergo
1082 2137 1272 2222 prinoipium

108 2242 256 2308 deitatis:
278 2242 330 2324 qni
350 2239 432 2304 siout
446 2259 607 2322 nunquam
621 2239 681 2302 fuit
694 2259 758 2302 non
778 2235 866 2320 deuo,
884 2239 930 2302 ita
948 2256 1109 2322 nunquam
1128 2239 1188 2302 suit
1208 2257 1272 2302 non

104 2351 211 2433 pater,
226 2363 245 2407 a
259 2363 319 2430 quo
334 2339 416 2406 filius
431 2347 534 2424 natus,
549 2363 568 2405 e
582 2358 642 2426 quo
654 2343 782 2427 spiritns
794 2347 921 2405 sanetus
932 2361 996 2405 non
1006 2347 1110 2423 natus,
1125 2343 1271 2425 quianon

105 2453 162 2512 est
175 2447 259 2511 iilius
279 2465 380 2530 neque
400 2446 572 2528 ingenitus,
593 2446 666 2529 qnia
685 2463 749 2509 non
770 2450 819 2508 ent
837 2451 926 2528 peter
944 2463 1047 2530 neque
1065 2443 1181 2526 faetus,
1199 2446 1273 2528 quia

106 2571 178 2618 non
199 2555 306 2614 estex
321 2547 435 2629 nihilo,
455 2547 511 2612 sed
532 2567 571 2612 ex
592 2546 649 2612 deo
669 2553 759 2633 petre
780 2553 811 2610 et
832 2545 889 2612 deo
908 2545 972 2612 filio
993 2547 1069 2612 deus
1087 2546 1271 2632 procedens.

105 2654 205 2720 Pater
219 2658 375 2734 aeternus,
391 2673 427 2717 oo
443 2651 526 2736 quod
540 2658 702 2716 aeternum
715 2650 831 2714 hebeat
844 2649 954 2732 filium,
969 2649 1058 2715 ouius
1072 2657 1217 2716 aeternus
1232 2653 1274 2716 eit

105 2763 213 2844 pater:
229 2755 311 2820 iilius
327 2760 482 2838 aeternus,
497 2775 533 2820 oo
549 2753 632 2838 quod
647 2755 780 2838 sitpatri
792 2758 988 2818 coaeternus:
1004 2753 1133 2838 spiritus
1145 2759 1272 2820 sanctus

108 2865 270 2942 aeternus,
286 2879 322 2922 eo
338 2857 420 2942 qnod
435 2859 477 2923 sit
490 2860 571 2942 petri
586 2863 618 2921 et
632 2855 696 2922 filio
712 2861 904 2922 coaeternus.
934 2856 1003 2921 Non
1018 2855 1195 2922 confusam
1209 2875 1272 2920 una

106 2981 248 3050 persona
267 2963 402 3043 trinitas,
422 2966 458 3024 ut
475 2959 631 3025 Sabellius
654 2959 740 3042 dioit,
759 2979 860 3043 neque
881 2965 1024 3045 seperate
1038 2966 1093 3024 ent
1106 2957 1225 3024 ²divr'sa
1238 2959 1272 3024 in

106 3071 224 3130 nature
239 3063 398 3146 divinitas,
419 3069 455 3127 ut
468 3063 561 3128 Arius
576 3062 783 3148 blasphemet,
805 3061 861 3127 sed
876 3061 954 3128 alter
967 3064 1001 3128 in
1023 3072 1156 3149 persone
1174 3067 1272 3148 pater,

107 3168 192 3233 alter
205 3169 239 3231 in
253 3187 386 3252 persona
401 3165 493 3248 iilius,
508 3165 587 3231 alter
600 3167 634 3230 in
648 3185 784 3252 persona
798 3167 926 3251 spirituo
941 3172 1080 3249 sanetus,
1099 3185 1180 3230 unns
1194 3163 1271 3230 ³na·
1367 3247 1372 3256 Ι

107 3277 184 3336 tura
197 3269 231 3334 in
246 3275 356 3334 saneto
370 3271 510 3333 trinitate
526 3269 602 3334 dene
617 3273 705 3354 pater
720 3274 753 3332 et
766 3267 849 3332 filius
864 3274 897 3332 ot
910 3268 1038 3354 spiritus
1053 3275 1189 3335 senetur.

176 3373 247 3438 Non
261 3377 350 3458 pater
364 3393 491 3437 earnem
506 3373 687 3456 assumpsit,
702 3390 802 3453 neque
818 3372 946 3455 spiritus
961 3375 1100 3454 sanetus,
1119 3371 1175 3436 sed
1189 3369 1272 3435 filius
1290 3389 1340 3442 σιμ
1354 3389 1382 3430 n

108 3481 251 3557 tantum,
273 3481 309 3538 ut
324 3477 377 3560 qui
392 3482 460 3540 erat
473 3467 509 3538 in'
527 3473 690 3540 divinitate
706 3471 777 3538 ¹dei
797 3471 878 3536 filius
898 3473 965 3560 ipse
986 3475 1075 3539 fieret
1093 3473 1127 3540 in
1145 3473 1271 3539 homine

110 3577 269 3645 ²hominis
284 3577 383 3664 iilius3
403 3598 442 3642 ne
459 3577 515 3642 filii
528 3595 643 3642 nomen
658 3575 698 3640 nd
713 3575 847 3639 alterum
861 3578 1023 3659 transiret,
1044 3578 1097 3660 qui
1111 3597 1174 3641 non
1188 3581 1273 3642 osset

109 3683 293 3747 ³nativitate
309 3680 392 3746 filius
408 3679 468 3746 dei.
489 3680 569 3764 Ergo
585 3679 636 3746 dei
650 3677 734 3743 filius
745 3677 882 3744 hominis
894 3678 995 3744 feotrr's
1010 3686 1059 3744 est
1072 3679 1165 3763 iilius,
1180 3685 1271 3744 notus

109 3784 285 3850 seeundum
299 3785 464 3848 veritatem
477 3788 606 3848 naturae
622 3801 660 3846 ex
676 3781 733 3846 deo
750 3780 801 3846 dei
814 3781 908 3865 iilius,
926 3787 958 3845 et
972 3781 1144 3847 seeundum
1156 3785 1272 3847 verite·

109 3894 179 3952 tem
198 3893 328 3952 naturae
348 3908 388 3952 ex
406 3887 531 3952 homine
553 3885 689 3950 hominis
709 3883 809 3968 filius,
829 3889 864 3948 ut
883 3887 998 3950 veritos
1018 3885 1116 3970 geniti
1136 3907 1201 3950 non
1215 3881 1271 3952 ad-

111 3990 251 4078 optione,
265 4010 328 4056 non
342 3989 561 4078 appellatione,
575 3987 631 4054 sed
645 3987 680 4054 in
694 3993 825 4074 utreque
841 3989 1004 4054 nativitate
1019 3987 1075 4054 iiiii
1085 4009 1200 4054 nomen
1214 4009 1271 4052 na·

167 4176 230 4248 Oep.
241 4176 261 4230 Ι.
273 4203 307 4216 —-
321 4177 343 4232 l.
357 4177 432 4230 Edio'
443 4179 541 4230 addunt
555 4180 581 4229 et
596 4174 649 4229 filio
666 4173 821 4246 procedens,
855 4175 904 4229 etri
920 4179 946 4229 et
961 4175 1016 4230 fiiio
1028 4181 1192 4240 coaeternus,
1208 4175 1274 4244 quod

114 4246 188 4300 atat
203 4266 221 4299 a
236 4245 309 4298 MSS.
333 4245 489 4316 (Benedicti
552 4244 576 4298 2.
587 4243 662 4298 Mos,
679 4245 788 4300 diverse.
813 4245 821 4314 i
849 4244 934 4313 oned.)
996 4243 1021 4299 3.
1038 4243 1110 4298 MSS.
1128 4245 1156 4298 in
1172 4249 1272 4298 nature

111 4313 234 4504 ‘13⁰3ss
241 4381 273 4437 n
286 4412 318 4422 -
332 4382 354 4438 1.
367 4382 442 4436 Editr'
453 4383 552 4436 addent
565 4381 655 4436 matris
668 4391 728 4436 enee
739 4381 816 4437 filino.
835 4381 957 4452 (Bened.)
975 4381 1008 4434 Io
1019 4383 1080 4436 edit.
1093 4381 1274 4434 Elmeniomii

114 4461 251 4576 ῗῒῗξίῐαιο
263 4519 340 4584 finus,
358 4523 446 4574 ome'eoo
463 4519 523 4590 dei.h
536 4518 656 4589 (Bened.)
679 4519 713 4572 Ie
729 4521 788 4572 edit.
800 4518 916 4572 Eiment.
933 4523 1124 4574 enatantem
1138 4519 1273 4574 nativitate

115 4589 194 4646 iilius.
212 4587 261 4644 Dei
278 4603 343 4658 ergo
359 4587 429 4644 filino
444 4587 529 4646 foetus
546 4593 587 4644 oet
602 4585 715 4644 hominio
730 4587 803 4644 finus
821 4597 878 4644 cett.

214 4451 237 4504 ei
249 4451 329 4521 patrie
340 4450 420 4506 filine.
478 4449 625 4506 niominis
636 4451 728 4504 metris
740 4450 808 4504 filine
821 4453 859 4505 ed.
874 4449 988 4502 Etmenlr.
1047 4449 1071 4504 3.
1083 4449 1159 4502 Edita·
1170 4455 1274 4504 aeterne
