3112 4986
284 231 346 296 194
500 227 507 238 ·
782 234 948 278 1111111111.

282 385 354 472 plus
374 385 511 472 poterat)
533 408 588 452 sex
608 407 671 454 non
685 393 792 474 parvis
805 389 1020 458 voluminibus
1035 393 1163 476 qnidam
1178 393 1287 460 Celsus
1302 395 1444 463 absoluit

282 489 348 554 Neo
362 489 521 572 redarguit
533 490 681 574 aliquem,
697 492 753 558 sed
768 499 891 558 tantum
906 495 981 578 quid
997 495 1169 560 ¹sentirent
1179 500 1311 582 aperuit,
1326 519 1363 562 ea
1374 497 1445 562 bre·

281 595 378 656 vitate
394 595 557 675 sermonis,
572 600 608 657 ut
622 601 745 660 tantum
760 595 924 662 adhiberet
938 597 1064 680 eloquii,
1080 606 1230 682 quantum
1245 603 1362 666 rainae
1377 599 1445 667 lau·

156 703 160 718 '
281 694 401 760 dandae
422 717 481 760 nec
503 698 726 781 vituperandae
748 720 806 764 nec
828 700 1031 765 affirmandae
1054 708 1109 766 1111
1131 701 1361 784 defendendae,
1388 703 1444 768 sed

280 798 467 882 aperiendae
488 798 735 884 indicandaeque
755 803 928 886 sufficeret,
950 805 1139 870 1111111111
1161 811 1287 870 centum
1305 805 1443 891 philosa-

279 901 358 985 phos
381 904 590 980 nominassem
618 923 750 986 quorum
769 926 833 970 non
855 925 962 970 omnes
983 909 1188 974 instituerunt
1207 909 1352 974 haeresos
1371 929 1443 993 pro·

279 1006 380 1089 prias,
402 1005 550 1088 quoniam
564 1026 622 1069 nec
643 1006 714 1072 illos
729 1008 878 1074 tacendos
893 1013 1016 1093 putavit
1038 1013 1091 1094 qui
1106 1033 1179 1075 suos
1194 1013 1361 1094 magistros
1376 1013 1443 1075 sine

278 1106 344 1172 ulla
359 1105 555 1173 dissensione
571 1111 670 1174 secuti
686 1115 768 1175 sunt.
803 1111 917 1176 Noster
930 1133 1005 1178 vero
1020 1113 1214 1198 Epiphanius
1230 1115 1361 1199 Cyprius
1377 1115 1443 1198 epi·

279 1229 409 1295 scopus,
430 1210 544 1276 abhinc
564 1232 628 1276 non
648 1211 739 1294 longe
759 1213 904 1278 humanis
925 1216 1018 1280 rebus
1035 1223 1213 1301 exemptus,
1234 1216 1272 1282 de
1288 1218 1444 1298 octoginta
1546 1279 1547 1304 ,

278 1313 462 1380 haeresibus
484 1313 615 1398 loquens
636 1337 691 1380 sex
711 1316 807 1382 libros
829 1320 924 1382 etiam
946 1321 1148 1404 conscripsit,
1167 1319 1316 1384 historica
1335 1339 1442 1384 narra·

277 1419 362 1480 tione
378 1437 625 1482 commemorans
642 1420 760 1500 omnia,
781 1419 867 1484 nulla
882 1421 1093 1506 disputatione
1109 1421 1259 1487 adversus
1274 1421 1443 1486 falsitatem

277 1541 334 1606 pro
349 1521 480 1584 veritato
494 1520 671 1586 decertans.
694 1521 809 1586 Breues
825 1544 901 1586 sane
918 1529 992 1588 sunt
1007 1523 1120 1605 libelli,
1141 1531 1173 1588 et
1191 1526 1218 1590 si
1237 1526 1271 1588 in
1290 1524 1442 1588 11111111-

277 1623 397 1688 bellum
411 1623 608 1707 redigantur,
622 1645 681 1688 nec
697 1626 764 1708 ipse
781 1626 841 1688 erit
855 1629 971 1690 nostris
987 1625 1037 1690 111
1053 1627 1185 1692 aliorum
1200 1627 1389 1710 quibusdam
1403 1626 1441 1690 li·
1546 1635 1547 1654 ¹

279 1726 345 1791 bris
359 1725 555 1810 longitudine
571 1726 808 1812 comparandus.
842 1728 943 1792 Huius
958 1729 1146 1794 brevitatem
1164 1732 1193 1794 si
1207 1725 1293 1794 fuero
1307 1733 1341 1794 in
1356 1749 1441 1796 com·

278 1829 489 1894 memorandis
504 1829 687 1894 haeresibus
702 1831 858 1910 imitatus,
880 1831 955 1914 quid
975 1853 994 1894 a
1012 1853 1064 1896 me
1079 1832 1205 1897 brevius
1220 1832 1377 1916 postulare
1392 1831 1441 1897 vel

279 1938 445 2018 expectare
461 1931 576 1998 debeas
591 1951 655 1996 non
668 1931 811 1998 habebis.
835 1932 898 1996 Sed
912 1954 976 1998 non
991 1934 1036 2000 ibi
1051 1935 1143 2000 huius
1154 1937 1217 2001 mei
1228 1935 1344 2000 laboris
1356 1957 1442 2000 sum·

278 2056 330 2100 ma
346 2037 499 2116 consistit,
515 2035 599 2120 quod
614 2041 646 2099 11
659 2035 719 2100 tibi
733 2035 784 2099 vel
797 2056 848 2099 me
864 2035 1113 2120 demonstrante,
1128 2038 1179 2102 vel
1194 2041 1289 2102 etiam
1302 2043 1334 2100 11
1349 2059 1439 2122 prae·
1546 2097 1547 2100 ,

277 2143 421 2203 currente
433 2141 548 2222 poterit
558 2159 718 2222 apparere,
735 2159 806 2202 cum
816 2137 875 2204 hoc
888 2139 1000 2206 fecero.
1023 2139 1154 2206 Videbis
1170 2143 1254 2206 enim
1266 2143 1299 2204 in
1311 2161 1346 2206 11
1358 2139 1441 2225 quod
1546 2135 1547 2192 1

277 2241 654 2326 supradictusepiscopus
669 2241 744 2304 11111
760 2247 912 2325 quantum
928 2241 1009 2306 desit
1024 2245 1110 2327 operi
1125 2242 1208 2326 quod
1218 2245 1286 2328 ipse
1298 2246 1346 2308 111
1358 2245 1440 2308 fieri:
1546 2315 1547 2330 .

276 2350 392 2429 quanto
406 2345 506 2426 magis
516 2341 605 2426 ¹quod
620 2340 698 2426 ego?
728 2342 776 2406 Tu
796 2364 930 2428 namque
952 2348 1094 2427 quamvis
1110 2346 1262 2428 breviter,
1276 2348 1439 2431 perstricte

239 2435 243 2444 ’
276 2453 369 2532 atque
385 2449 582 2529 summatim,
602 2451 709 2510 tamen
725 2449 772 2511 vis
788 2449 883 2511 etiam
898 2447 1080 2532 responderi
1097 2451 1349 2514 commemoratis
1364 2449 1439 2514 bae·
1546 2457 1547 2476 ¹

276 2551 414 2632 rasibus,
429 2548 513 2634 quod
527 2549 580 2614 ille
595 2569 660 2614 non
675 2550 758 2614 11111.
786 2549 849 2632 Ego
865 2571 937 2614 1111
952 2550 1012 2616 hoc
1027 2553 1127 2632 magis
1141 2550 1212 2618 volo
1227 2551 1346 2632 iacere,
1366 2553 1394 2614 11
1409 2556 1441 2614 11

220 2689 224 2702 ·
276 2653 353 2717 deus
369 2652 463 2734 velit,
483 2653 566 2716 uude
587 2654 687 2737 possit
707 2655 808 2718 omnis
824 2653 979 2735 haeresis,
1000 2661 1031 2717 et
1051 2673 1130 2737 quae
1150 2659 1225 2718 nota
1243 2659 1292 2718 est
1311 2659 1342 2717 et
1359 2673 1438 2738 quae

274 2758 396 2839 ignota,
411 2757 519 2836 vitari,
534 2761 567 2818 11
580 2753 664 2818 unde
679 2761 763 2820 recte
778 2758 879 2840 possit
893 2776 1096 2840 quaeeunque
1111 2758 1283 2822 innotuerit
1296 2756 1436 2822 iudicari.

274 2859 345 2924 Non
361 2861 446 2922 enim
461 2861 563 2923 omnis
579 2877 665 2922 error
679 2857 818 2922 haeresis
839 2863 888 2922 111
907 2861 1049 2942 quamvis
1069 2861 1171 2924 omnis
1185 2858 1339 2941 haeresis,
1359 2878 1437 2944 quae

275 2965 308 3026 in
323 2963 399 3026 11111
415 2964 555 3045 ponitur,
575 2963 637 3035 nisi
653 2981 754 3025 errore
770 2959 872 3043 aliquo
888 2960 1028 3024 haeresis
1048 2982 1117 3026 esse
1132 2983 1197 3028 uon
1211 2964 1319 3046 possit.
1357 2961 1437 3039 Quid

275 3085 346 3147 ergo
361 3065 456 3128 111111
470 3063 676 3144 haereticum,
696 3062 829 3146 regulari
851 3063 987 3146 quadam
1008 3062 1189 3128 definitione
1206 3063 1438 3149 comprehendi,

274 3170 357 3232 sicut
372 3187 427 3250 ego
443 3167 603 3247 existimo,
624 3171 678 3229 aut
698 3168 825 3230 omnino
847 3185 910 3230 non
928 3171 1032 3250 potest
1052 3173 1106 3230 aut
1121 3166 1304 3232 difficillime
1320 3171 1436 3250 potest:

275 3270 357 3354 qnod
373 3272 406 3334 in
421 3289 570 3356 processu
591 3269 683 3334 huius
699 3270 802 3354 operis
823 3267 1046 3356 declarabitur,
1066 3270 1094 3332 ei
1115 3268 1193 3334 deus
1210 3270 1326 3334 rexerit
1344 3275 1436 3352 atque

274 3372 363 3437 adid
378 3371 462 3456 quod
475 3371 605 3435 intendo
620 3371 802 3455 perduxerit
817 3367 1081 3455 2(11111111111111111
1095 3391 1208 3436 meam.
1237 3370 1318 3448 Quid
1333 3378 1437 3436 autem

273 3478 373 3560 prosit
387 3477 457 3559 ipsa
471 3475 645 3558 inquisitio,
661 3475 862 3538 etiamsinon
877 3475 1070 3557 potuerimus
1085 3473 1348 3559 comprehendere
1360 3495 1435 3558 quo·

273 3577 365 3642 modo
381 3582 422 3640 sit
437 3575 634 3642 definiendus
649 3575 840 3656 haereticae,
859 3595 915 3641 suo
937 3575 1005 3642 looo
1024 3575 1195 3644 videndum
1214 3582 1308 3660 atque
1327 3577 1434 3642 dicen·

274 3680 349 3746 dum
363 3687 425 3744 est:
440 3700 514 3744 nem
529 3681 556 3742 si
571 3679 630 3743 hoo
646 3677 867 3764 comprehendi
880 3680 1031 3762 potuerit,
1051 3681 1123 3762 quis
1141 3699 1205 3744 non
1224 3678 1330 3744 videat
1349 3680 1433 3746 utili·

272 3789 321 3848 111
337 3787 454 3868 quanta
468 3779 529 3846 sit?
557 3781 657 3846 Erunt
671 3801 742 3864 ergo
758 3782 876 3865 primae
891 3787 996 3865 partes
1017 3787 1120 3867 operis
1134 3781 1227 3846 huius
1243 3781 1281 3846 de
1295 3782 1433 3848 haeresi·

274 3887 332 3952 bus
348 3906 426 3970 quas
441 3891 514 3970 post
528 3883 643 3949 Christi
657 3883 827 3948 adventum
847 3889 940 3966 atque
961 3903 1127 3949 ascensum
1146 3883 1296 3948 adversus
1317 3883 1433 3950 1111111-

272 4009 347 4054 nam
361 3990 460 4073 ipsius
476 3989 647 4051 extiterunt
662 3991 694 4049 11
709 3991 866 4068 utcunque
881 3985 973 4050 nobis
987 3987 1182 4062 innotescere
1197 3992 1376 4070 potuerunt
1398 3987 1435 4052 In

272 4091 496 4177 posterioribus
524 4094 629 4154 autem
655 4089 796 4173 partibus
823 4088 899 4172 quid
922 4089 1016 4152 faciat
1041 4087 1231 4154 haereticum
1259 4089 1433 4175 disputabi-

272 4201 332 4260 tur.
366 4193 445 4258 Cum
459 4214 530 4276 ergo
547 4191 691 4256 dominus
706 4191 900 4256 ascendisset
914 4193 948 4256 in
963 4190 1101 4273 caelum,
1120 4192 1152 4256 hi
1172 4191 1319 4256 haeretici
1335 4195 1434 4258 exorti

272 4303 360 4362 sunt:
401 4315 403 4320 ·

325 4449 347 4499 l.
360 4448 466 4499 sentiret
477 4447 538 4497 iibri
548 4450 602 4496 acri
620 4449 641 4497 1·
645 4485 651 4509 ,
669 4453 693 4498 11
703 4447 759 4500 edd.
774 4443 829 4499 Ich.
843 4437 1012 4497 Amet-bachii
1029 4453 1052 4498 et
1069 4445 1128 4498 Der.
1143 4443 1255 4500 Eraemi.
1309 4445 1433 4519 11111·

272 4515 393 4570 titionem
402 4517 518 4584 plerique
528 4513 586 4566 tior.
625 4513 670 4566 88.
