3112 4986
526 245 565 288 D}
578 241 756 288 Hm
769 245 862 287 LIBER.
1211 247 1271 313 211

102 406 146 472 ad
160 401 365 489 Aquiloniam
383 407 520 488 partem,
540 417 605 488 qua
618 401 666 468 soi
683 421 759 468 mm
772 401 924 468 ceciderit
936 401 978 468 sd
999 379 1152 468 orientem
1166 421 1272 468 rever·

103 508 199 588 titur,
220 511 307 570 etant
321 511 456 570 orantes.
492 503 697 570 Peccatornm
711 507 865 589 originem
879 523 941 569 nou
958 504 1056 570 libero
1072 505 1201 570 arbitrio
1215 526 1272 572 vo·

104 607 251 689 tentatie,
266 607 321 672 sed
337 608 533 673 substantiae
548 607 692 672 tribuunt
705 611 808 692 gentis
823 608 989 690 adversae,
1010 627 1104 694 quam
1118 607 1272 690 dogmati·

103 717 216 775 santes
231 731 301 774 esse
316 710 496 776 hominibus
510 713 654 793 mixtam,
669 731 794 778 omnem
810 731 936 776 carnem
950 731 1015 777 nou
1030 710 1090 794 dei,
1106 711 1161 775 sed
1172 709 1274 774 malae

102 817 224 879 mentis
244 813 412 900 perhibent
431 833 501 877 esse
523 814 697 900 opificium,
725 835 803 899 quae
824 817 1017 880 econtrario
1039 816 1194 900 principio
1216 812 1274 878 deo

105 923 275 983 coaeterna
289 924 347 982 est.
384 915 578 982 ¹‘Cerealem
593 919 897 1002 concupiscentiam,
918 937 979 1002 qua
994 939 1065 983 caro
1081 918 1275 1001 concupiscit

105 1019 260 1086 adversus
276 1023 436 1106 spiritum,
456 1039 521 1086 non
543 1039 582 1084 ex
604 1021 715 1084 vitiato
734 1022 767 1084 in
786 1023 886 1106 primo
907 1019 1034 1085 homine
1055 1026 1167 1084 nature
1182 1017 1274 1084 nobis

104 1127 212 1189 inesse
228 1124 457 1204 infirmitatem,
478 1121 534 1187 sed
555 1121 765 1186 substantiam
784 1123 894 1187 volunt
915 1143 986 1187 esse
1006 1123 1208 1204 contrariom,
1229 1123 1274 1186 sic

105 1225 201 1292 nobis
215 1225 450 1308 adhaerentem,
464 1231 500 1288 nt
514 1225 638 1310 quaudo
653 1223 824 1290 liberemur
838 1233 931 1310 atque
946 1245 1132 1311 purgamur,
1148 1245 1274 1311 separe·
1295 1305 1296 1320 χ

103 1336 158 1394 tur
172 1349 193 1394 a
206 1329 310 1411 nobis,
325 1335 358 1393 et
372 1331 405 1394 iu
421 1349 477 1392 sua
491 1333 604 1393 natura
618 1330 713 1392 etiam
729 1331 799 1414 ipsa
813 1328 1031 1393 immortaliter
1045 1330 1144 1394 vivat:
1161 1347 1275 1414 easque

108 1433 187 1498 duas
202 1435 339 1515 animas,
359 1432 410 1496 vel
425 1431 503 1496 duas
518 1437 657 1514 mentes,
676 1448 772 1495 unam
787 1416 919 1513 bonam,
939 1429 1070 1496 alteram
1088 1431 1222 1515 malam,
1240 1434 1275 1496 in
1349 1471 1351 1477 ·

107 1555 170 1602 uno
190 1535 317 1601 homine
338 1537 420 1599 inter
440 1555 473 1598 se
494 1534 609 1600 habere
631 1534 827 1614 conflictum,
848 1534 971 1618 quando
994 1555 1064 1599 caro
1082 1536 1276 1622 concupiscit

109 1636 260 1704 advorsus
275 1639 435 1723 spiritum,
456 1642 489 1701 et
503 1639 631 1722 spiritus
646 1636 796 1700 adversus
812 1657 954 1716 carnam3
978 1657 1036 1702 nec
1056 1639 1091 1703 in
1111 1638 1202 1704 nobis
1224 1657 1274 1702 sa-

108 1745 219 1806 natum
237 1740 297 1806 hoo
317 1742 444 1822 vitium,
466 1739 561 1804 sicuti
580 1759 638 1804 nos
654 1739 804 1822 dicimus,
823 1759 986 1824 nunquam
1005 1739 1160 1823 futurum,
1180 1739 1237 1806 sed
1257 1761 1276 1804 e

109 1842 201 1908 uobis
217 1844 392 1908 seiunctam
407 1847 499 1927 etque
515 1842 672 1906 seclusam
687 1842 894 1908 substantiam
910 1843 1005 1908 istam
1019 1843 1114 1927 mali,
1134 1849 1166 1908 et
1185 1843 1274 1910 finite

111 1949 170 2011 isto
186 1943 293 2012 seculo
307 1951 380 2031 post
395 1943 674 2029 conflagrationem,
683 1943 793 2008 mundi
808 1945 841 2008 in
856 1943 948 2028 globo
964 1945 1111 2030 quodem,
1126 1953 1276 2032 tanquam

109 2051 279 2114 incarcere
294 2050 494 2133 sempiterno,
509 2067 578 2112 esse
592 2050 756 2112 victuram.
779 2046 836 2112 Oui
849 2046 942 2130 globo
957 2047 1116 2116 affirmant
1129 2069 1275 2116 accessa·

106 2171 179 2218 rum
194 2171 320 2238 semper
333 2157 366 2215 et
379 2149 588 2215 adhaesurum
603 2153 692 2234 quasi
707 2152 936 2236 coopertorium
950 2157 1043 2238 atque
1055 2154 1222 2218 tectorium
1236 2172 1276 2218 ex
1303 2197 1306 2202 2

108 2254 287 2336 animabus,
301 2259 414 2318 nature
428 2251 555 2338 quidem
570 2254 679 2334 bouis,
698 2251 754 2318 sed
774 2259 881 2318 tamen
900 2273 980 2339 quae
999 2275 1064 2322 non
1083 2258 1277 2342 potuerinta

107 2364 241 2425 ¹iraturse
255 2357 356 2423 malae
373 2357 556 2440 contagione
571 2355 706 2442 purgari.

171 2461 378 2543 ¹Hieracitae,
390 2477 522 2544 quorum
532 2464 640 2524 auctor
650 2459 782 2523 Hieraca
792 2465 1001 2545 nuncupetur,
1015 2461 1344 2542 resurrectionem'crp.
1357 2487 1443 2531 xrvu.

112 2566 215 2632 narnis
228 2569 355 2649 nogent.
385 2560 554 2628 Monachos
566 2568 690 2626 tantum
705 2567 738 2626 et
750 2561 920 2626 monachas
935 2570 968 2627 et
982 2565 1124 2648 coniugia
1138 2583 1203 2630 nou
1216 2564 1273 2630 ha·

111 2667 223 2733 beutes
238 2669 273 2732 in
288 2667 538 2731 communionem
553 2665 718 2752 recipiunt.
740 2663 792 2730 Ad
806 2683 937 2748 reguum
952 2663 1109 2732 caelorum
1123 2685 1187 2732 non
1201 2685 1273 2754 per-

109 2773 212 2836 tinere
225 2769 372 2856 parvulos
388 2768 512 2850 dieunt,
533 2769 606 2852 quia
625 2787 689 2833 uon
709 2773 784 2832 sunt
802 2769 847 2832 eis
867 2766 934 2832 ulla
950 2769 1064 2834 merita
1082 2772 1274 2855 certaminis,

112 2891 172 2956 quo
186 2873 266 2936 nitio
279 2870 495 2956 ²superantur.

173 2972 335 3041 Meletiani
355 2971 513 3038 aMeletio
533 2975 721 3060 nuncupati,
741 2972 886 3040 nolentes
905 2993 992 3039 orare
1013 2994 1084 3040 cum
1104 2979 1275 3061 conversis,
1292 3002 1343 3055 erp.
1356 3003 1453 3046 ravin.

112 3079 145 3156 id
159 3083 210 3143 est
223 3080 269 3142 eis
285 3079 338 3160 qui
353 3077 386 3140 in
401 3077 618 3162 perseeutione
634 3073 828 3158 ceciderunt,
843 3075 997 3142 ¹schisme
1010 3077 1162 3144 iecerunt
1183 3078 1274 3146 Nunc

112 3187 218 3246 autem
231 3179 379 3244 dieantur
392 3179 519 3243 Arianis
534 3198 604 3243 esse
620 3181 788 3245 coniuncti.

173 3284 295 3364 Ariani,
310 3281 350 3346 eb
366 3282 452 3362 Ario,
466 3283 500 3344 in
513 3301 548 3346 eo
561 3287 635 3345 sunt
644 3282 801 3347 notissimi
813 3300 916 3346 errore
928 3301 988 3365 quo
999 3291 1121 3368 petrem
1133 3283 1165 3348 et
1175 3285 1275 3352 filium
1292 3311 1343 3364 cop.
1356 3313 1429 3354 mir.

111 3393 143 3451 et
156 3388 305 3474 spiritum
320 3391 464 3450 sanctum
485 3382 597 3450 uolunt
617 3405 686 3450 esse
707 3387 799 3448 unius
815 3381 1016 3469 eiusdemque
1036 3393 1165 3452 naturae
1180 3394 1273 3473 atque

112 3489 318 3568 substantioe,
334 3493 388 3551 aut
401 3492 437 3550 ut
451 3488 629 3572 expressius
642 3487 772 3568 dicatur,
788 3485 954 3567 esseutiae,
970 3507 1049 3570 quae
1061 3489 1146 3552 οὐσία
1157 3490 1274 3556 Graece
1373 3562 1377 3570 ,

111 3589 301 3679 appellatur:
317 3589 374 3654 sed
389 3609 457 3655 esse
472 3587 573 3654 filium
587 3579 771 3670 creaturam,
786 3589 931 3673 spiritum
945 3607 1019 3655 vero
1031 3597 1175 3657 sunctum
1186 3613 1272 3658 cree-

110 3701 216 3759 turam
230 3699 402 3774 creaturae,
416 3692 475 3757 hoo
491 3697 539 3756 est
553 3692 593 3756 eb
608 3693 676 3776 ipso
690 3689 755 3755 filio
771 3697 911 3755 creatum
924 3688 1044 3758 volunt.
1065 3693 1103 3758 Iu
1117 3714 1154 3759 eo
1169 3701 1274 3762 autem

112 3795 195 3882 quod
214 3795 374 3860 Christum
393 3797 461 3858 sine
481 3795 586 3858 anima
607 3791 706 3857 solam
725 3813 851 3858 carnem
876 3795 1054 3881 suscepisse
1073 3795 1274 3880 arbitrantur,

112 3903 217 3964 minus
232 3899 301 3963 noti
315 3903 398 3962 sunt.
430 3895 495 3961 Nec
510 3894 660 3962 adversus
674 3915 727 3960 eos
742 3895 781 3958 ab
797 3894 900 3980 aliquo
915 3897 1023 3962 inveni
1039 3896 1079 3962 de
1092 3897 1152 3964 hac
1166 3920 1199 3965 re
1214 3899 1273 3966 ali·

112 3999 237 4086 quaudo
252 4001 350 4066 fuisse
370 4005 531 4066 certatum.
569 3997 632 4065 Sed
650 3997 710 4064 hoc
730 4015 840 4062 veram
860 4017 929 4064 esse
949 4005 981 4064 ei
994 3998 1188 4086 Epiphanius
1209 4023 1274 4070 nou

180 4186 219 4242 14.
233 4187 319 4242 Galat
330 4185 361 4241 V.
374 4184 414 4242 17.
467 4201 470 4210 ·

178 4249 711 4310 Ga.XLVlL-1.Ede'tiHierachitae.
746 4251 786 4305 Aa
799 4252 872 4308 MSS.
885 4253 978 4324 absque
1025 4257 1273 4329 'retemtapuorta

111 4274 377 4395 ayttotoffiieraeitae.
409 4325 507 4378 Graeci
522 4321 657 4393 Ἱερακίται,
689 4319 810 4444 gisnei)
861 4321 942 4376 &Sic
957 4321 989 4374 M
1025 4323 1274 4382 ,AtLooaaedin

113 4401 271 4468 separentur.
306 4391 648 4462 Ed.Erosmieuperentnr.
682 4391 690 4460 t
718 4390 802 4472 suet}

177 4461 243 4536 Cap.
259 4459 377 4516 XLVIIL
387 4487 421 4501 -
439 4461 463 4516 l.
479 4459 561 4530 Apes
575 4459 674 4514 moa.
689 4459 733 4511 rel
748 4457 998 4517 scismatieorum.
1033 4461 1113 4516 Atm
1127 4463 1169 4517 rel
1186 4465 1219 4517 ot
1235 4467 1274 4520 ed.

115 4532 215 4588 bircani.
228 4527 368 4586 eram
402 4525 518 4600 (Bened.)

1024 4617 1071 4670 14·
