3112 4986
522 285 564 328 DE
574 284 751 333 mmm!
763 285 856 332 tmen
1205 292 1268 358 215

107 446 232 514 sionem
246 443 286 514 de
300 443 420 529 psalmo
435 443 490 512 ubi
504 441 630 530 legiturr
646 443 701 514 ¹In
715 443 780 512 sole
794 447 900 530 poenit
912 443 1150 512 tabernaoulum
1164 465 1264 512 suum

106 545 233 630 Negant
246 548 342 614 etiam
356 546 513 614 risibilem
527 545 714 634 paradisum.
749 546 946 634 Baptismum
960 550 995 614 in
1008 567 1090 632 equa
1102 567 1166 614 non
1181 552 1264 616 aoei-

106 652 210 734 pinnt
247 649 518 716 Resurrectionem
536 670 599 718 uon
617 655 729 738 putent
748 649 900 734 futuram,
920 649 977 718 sed
997 649 1134 736 quotidie
1150 653 1217 716 fieri
1232 655 1265 716 in

107 755 311 837 generatione
327 753 470 818 filiorum.

172 855 379 922 Proelianitae
400 857 498 922 seouti
515 861 593 920 eunt
610 858 703 940 istos,
723 861 756 920 et
768 855 956 922 addiderunt
970 855 1128 922 Christum
1148 877 1211 922 non
1232 859 1266 924 in
1284 873 1335 925 co·
1348 875 1390 913 bx·

107 977 203 1029 earne
220 961 353 1026 venisse.

171 1062 355 1144 Patriciani,
375 1083 395 1126 a
413 1061 548 1128 Patrieio
567 1064 753 1150 nuncupati,
773 1061 981 1130 substantiam
995 1064 1097 1128 earnis
1111 1061 1266 1128 humanae
1284 1079 1336 1130 cnr.
1348 1079 1402 1120 ffl-

107 1185 174 1232 non
187 1185 208 1230 a
222 1163 297 1248 deo,
317 1165 372 1234 sed
387 1185 406 1230 a
421 1163 543 1230 diabolo
560 1164 716 1231 conditam
732 1165 857 1248 dieunt,
879 1186 1009 1250 eamque
1025 1168 1070 1232 sio
1085 1165 1265 1250 fugiendam

107 1273 140 1334 et
154 1265 373 1334 detestandam
387 1271 508 1354 putant,
523 1271 558 1332 ut
572 1267 699 1351 quidam
713 1287 820 1336 eorum
829 1267 1051 1356 perhibeantur
1063 1270 1157 1354 etiam
1167 1273 1266 1336 morte

108 1369 189 1436 ¹sibi
203 1369 291 1436 illata
305 1391 410 1436 oarere
425 1389 517 1436 earne
533 1370 677 1436 voluisse.

171 1473 298 1540 Asoitae
319 1473 359 1538 ab
379 1479 447 1538 utre
468 1474 514 1538 sio
534 1472 681 1560 appellati
702 1480 776 1540 sunt
795 1472 898 1558 (ἄσκας
918 1476 1002 1540 enim
1023 1475 1141 1540 Graeee
1156 1471 1265 1538 Latine
1284 1489 1334 1542 σιν·
1347 1489 1412 1530 ιω·

107 1581 179 1642 otor
190 1574 331 1660 dieitur),
347 1595 441 1660 quem
451 1573 655 1662 perhibentur
665 1575 808 1642 inflatum
819 1582 851 1642 et
862 1583 1004 1664 opertum
1016 1577 1178 1642 circumire
1191 1576 1264 1642 bao-

109 1677 252 1760 ohanne,
267 1685 416 1762 tanquam
431 1681 492 1764 ipsi
508 1679 572 1744 sint
586 1678 757 1764 evangelioi
772 1685 857 1746 utres
873 1682 946 1744 novi
960 1682 1032 1744 vino
1048 1700 1128 1744 novo
1144 1677 1265 1764 repleti.

170 1780 462 1865 Passelorynebitae
476 1783 510 1846 in
524 1789 647 1848 tantum
661 1783 786 1848 silentio
801 1781 943 1864 student,
964 1788 999 1846 ut
1017 1781 1147 1846 naribus
1168 1787 1199 1845 et
1217 1781 1265 1846 la·
1283 1798 1333 1848 ear·
1347 1797 1423 1840 12¹¹ss

110 1885 170 1952 biis
184 1885 250 1951 suis
266 1884 398 1968 digitum
412 1892 581 1972 opponant,
596 1905 636 1952 na
651 1885 700 1950 rel
715 1888 816 1972 ipsam
829 1887 1075 1950 taciturnitatem
1085 1905 1161 1950 reoe
1173 1904 1263 1970 prae-

108 1989 235 2075 ripiant,
249 1988 373 2072 quando
389 1987 556 2054 tenendum
570 1988 632 2054 sibi
647 2007 716 2054 esse
727 1988 927 2070 arbitrantur,
942 1987 1025 2052 unde
1038 1989 1132 2052 etiam
1144 1986 1205 2052 illis
1218 1992 1266 2052 eet

108 2111 224 2158 nomen
238 2090 387 2170 inditum
402 2089 554 2168 πάσσαλος
568 2093 652 2156 enim
667 2091 779 2156 dieitur
796 2092 912 2156 Graeoe
927 2090 1028 2175 palus,
1043 2095 1075 2154 et
1089 2087 1193 2180 ῥύγχος
1208 2111 1264 2154 na-

108 2215 172 2260 sna
195 2192 258 2260 Cur
271 2201 376 2260 autem
390 2215 446 2279 per
460 2193 567 2280 palum
581 2193 713 2280 digitum
727 2192 902 2276 significare
916 2192 1099 2273 maluerint,
1118 2215 1137 2256 a
1152 2190 1265 2275 quibus

108 2297 166 2364 boe
181 2317 296 2364 nornen
312 2299 517 2383 compositum
531 2303 589 2380 est,
604 2297 725 2378 neseio,
747 2317 818 2362 oum
834 2295 952 2362 Graeee
967 2301 999 2360 et
1014 2295 1135 2360 dicatur
1150 2293 1264 2378 digitus

109 2389 275 2482 δάκτυλος,
299 2405 332 2466 et
355 2403 478 2488 possint
507 2402 613 2485 utique
638 2397 930 2485 Dactylorynehitae
960 2397 1058 2464 multo
1089 2397 1264 2464 evidentius

108 2505 291 2590 nuncupari.

170 2606 300 2697 Aquarii
316 2627 355 2672 ex
372 2605 431 2672 hoo
449 2605 598 2692 appellati
619 2613 707 2690 eunt,
727 2603 810 2692 quod
830 2625 942 2690 aquam
958 2603 1093 2670 offerunt
1106 2605 1140 2670 in
1153 2602 1264 2689 poeulo
1283 2635 1335 2688 a„
1346 2637 1419 2677 mv,

108 2710 309 2792 sacramenti,
324 2730 388 2774 non
402 2708 480 2776 illud
494 2709 577 2794 quod
592 2712 693 2774 omnis
709 2709 849 2774 ecelesia

171 2811 349 2880 Golnthiani
370 2833 389 2876 a
411 2811 546 2896 quodam
567 2811 712 2896 Cohibe,
743 2814 795 2898 qui
817 2809 940 2876 dieebat
962 2808 1055 2876 deum
1076 2829 1141 2874 non
1162 2810 1264 2876 faeere
1282 2841 1333 2894 op.
1346 2843 1407 2884 rrv.
1457 2881 1459 2886 .

107 2915 205 2994 mala3
222 2923 330 2981 eontra
345 2915 422 2980 illud
437 2915 520 3000 quod
535 2917 686 3002 seriptum
701 2921 759 2998 eet,
774 2915 855 3000 1Ego
871 2914 947 2980 deus
963 2933 1072 2978 ereans
1087 2911 1180 2978 mela

170 3017 508 3099 FlorinianiaFlorino,
523 3021 604 3104 quie
624 3021 778 3084 contrario
795 3016 917 3084 dicebat
928 3017 1022 3082 deum
1033 3037 1156 3082 ereesee
1168 3015 1266 3098 mala;
1283 3050 1333 3102 00„
1345 3049 1418 3091 ιω,

108 3127 217 3188 eontra
230 3120 263 3186 id
279 3121 362 3204 quod
377 3124 598 3206 scriptumest,
614 3121 715 3186 ¹Feoit
727 3121 803 3186 deus
815 3122 929 3202 omnia,
945 3125 976 3184 et
987 3139 1059 3186 enee
1071 3119 1154 3184 bona
1164 3118 1264 3184 ualde.

109 3225 154 3290 no
168 3243 225 3311 per
238 3224 298 3290 hoo
313 3226 455 3308 quemvis
472 3224 625 3290 contrarie
640 3226 721 3290 inter
736 3243 769 3290 ee
785 3223 940 3306 dieentes,
955 3229 1061 3288 temen
1076 3223 1168 3288 ambo
1183 3221 1263 3288 divi·

108 3330 158 3397 nie
173 3325 304 3412 eloquiis
320 3327 519 3394 resistebant
543 3327 633 3391 Creat
648 3329 733 3394 enim
748 3325 824 3392 deus
839 3327 932 3408 mela,
946 3347 1063 3412 poenas
1075 3327 1264 3392 iustissimae

108 3429 289 3515 irrogand03
311 3429 394 3514 quod
410 3429 559 3498 coluthus
575 3449 638 3495 non
653 3428 794 3494 uidebat:
815 3449 878 3506 non
897 3435 1001 3494 antem
1015 3427 1113 3493 melas
1129 3426 1262 3494 creando

110 3539 236 3600 nabuas
252 3539 345 3617 atque
361 3532 562 3614 substantias,
578 3535 611 3598 in
627 3538 777 3616 quantum
789 3537 863 3598 sunt
873 3538 1001 3596 naturae
1013 3537 1105 3616 atque
1117 3531 1263 3598 substen-

110 3637 188 3714 me
201 3636 258 3702 nbi
272 3635 416 3700 Florinus
432 3635 564 3702 errabat.

170 3739 335 3806 Haeresim
350 3740 506 3826 quandam
521 3741 588 3804 eine
603 3743 726 3804 auctore
742 3743 773 3802 et
788 3738 855 3804 sine
870 3740 995 3802 nomine
1010 3737 1163 3802 Philoster
1178 3758 1263 3802 oom-
1282 3766 1333 3824 a,
1345 3771 1410 3814 nvn,

109 3849 270 3924 memorat,
285 3863 364 3926 quae
379 3843 456 3908 dieit
469 3843 552 3908 buna
563 3841 715 3908 mundum
727 3842 821 3922 etiam
832 3847 904 3926 post
914 3843 1170 3904 resurrectionem
1181 3861 1263 3906 mor-

111 3951 232 4012 tuorum
255 3947 289 4010 in
311 3945 421 4012 eodem
441 3951 539 4028 statu,
558 3947 591 4010 in
607 3965 667 4028 qno
682 3963 764 4010 nuno
781 3949 843 4026 est,
862 3963 931 4010 esee
945 3962 1142 4026 mansurum,
1162 3963 1262 4028 nequo

110 4049 153 4114 ita
166 4067 236 4114 esee
251 4048 446 4130 mutandum,
461 4049 551 4113 nteit
566 4046 686 4114 eaelum
700 4065 816 4111 novum
831 4051 863 4110 et
876 4050 960 4110 terra
973 4064 1064 4126 nove,
1079 4046 1161 4112 siout
1171 4045 1262 4110 ¹sen·
1390 4077 1396 4086 ,

112 4156 162 4216 ota
173 4153 329 4236 seriptum
342 4152 505 4236 promittit.

175 4302 238 4374 erp.
250 4301 317 4356 mx.
329 4333 363 4342 -
382 4303 404 4356 1.
414 4301 483 4356 mn.
493 4301 588 4357 xvrn.
600 4299 623 4354 e.

176 4369 239 4442 (lap.
250 4369 319 4424 LXI.
331 4401 364 4412 -
384 4371 406 4426 1.
418 4371 451 4424 ln
463 4369 536 4424 MSS.
547 4375 630 4426 morte
641 4369 745 4424 sibimet
754 4367 834 4426 uhts.
869 4365 989 4437 (Bened.)

175 4437 238 4510 cap.
249 4437 328 4492 exv.
341 4469 374 4480 -
393 4439 416 4494 1.
427 4437 620 4494 esuritur.

175 4505 238 4578 cop.
249 4505 342 4564 LXVI.
354 4537 387 4551 -
406 4507 429 4562 1.
442 4507 507 4562 Gen.
519 4507 539 4564 Ι.
550 4507 591 4562 31.

176 4573 239 4646 (hp.
250 4571 353 4631 LXVII.
366 4605 399 4618 -
418 4576 440 4631 1.
450 4573 520 4630 uret
531 4575 610 4634 xtv.
624 4575 663 4632 17.
693 4575 786 4632 areu.
798 4575 841 4632 111.
855 4573 893 4630 13.
917 4573 1023 4646 apocal.
1036 4573 1110 4630 XXI.
1126 4577 1147 4628 l.
