3120 4994
254 189 317 256 250
722 191 950 236 emanasrnurr

254 345 371 412 ditores
386 367 470 430 suos,
485 355 520 414 ut
534 351 562 414 si
575 355 744 414 vescuntur
760 351 923 433 carnihuS,
944 351 1093 416 animalia
1106 373 1170 418 non
1193 351 1351 435 occidant,
1377 373 1434 420 ne

254 449 413 514 offendant
426 453 584 537 principes
598 453 801 519 tenebrarum
814 456 849 518 in
864 455 1052 520 caelestibus
1068 454 1249 538 conligatus,
1263 475 1282 520 a
1296 456 1434 540 quibus

253 571 378 617 omnem
393 575 520 618 carnem
535 555 643 620 dicunt
658 557 810 640 originem
823 557 968 639 ⁷ducerc,
983 564 1016 622 et
1030 559 1075 622 sic
1090 564 1218 623 utantur
1229 559 1432 642 coniugibus

252 661 288 720 ut
299 663 482 742 conceptum
494 661 788 743 generationemque
801 661 952 742 devitent,
968 681 1007 724 ne
1019 661 1126 725 divina
1136 662 1319 744 substantia,
1331 681 1431 745 quae

251 761 286 823 in
301 779 353 824 ecs
368 780 425 844 per
445 761 594 826 alimenta
612 763 801 845 ingreditur,
820 762 955 844 vinculis
977 767 1098 828 carneis
1118 764 1231 847 ligetur
1249 767 1281 830 in
1295 764 1429 849 ⁸prole.

252 861 303 926 Sic
320 865 433 948 quippe
448 867 482 928 in
497 885 623 930 omnem
638 887 775 947 carnem,
789 865 822 930 id
837 872 886 930 est
896 887 953 952 per
964 887 1052 931 escas
1065 874 1097 931 ct
1107 873 1210 952 potue,
1224 869 1328 932 venire
1338 871 1428 932 ami-

250 986 318 1030 mas
338 967 478 1033 credunt.
516 968 607 1034 Unde
629 974 660 1032 et
680 971 805 1054 nuptias
826 971 895 1034 sine
917 969 1111 1036 dubitatione
1132 969 1351 1050 condemnant,
1382 979 1431 1036 ct

252 1075 403 1153 quantum
415 1073 448 1133 in
459 1070 536 1156 ipsis
549 1077 597 1135 est
607 1071 784 1156 prohibent,
800 1072 923 1155 quando
935 1092 1083 1156 generare
1094 1073 1271 1157 prohibent,
1285 1077 1429 1158 propter

252 1172 334 1256 quod
349 1178 423 1236 sunt
437 1173 610 1258 copulanda
625 1177 777 1258 coniugia.
813 1175 916 1239 Adam
937 1181 969 1238 et
982 1175 1080 1240 Evam
1101 1195 1140 1239 cx
1153 1175 1312 1258 princibus
1331 1175 1425 1240 fumi

250 1274 400 1339 adserunt
413 1281 514 1358 natos,
530 1297 661 1359 quorum
671 1283 761 1362 pater
770 1279 859 1341 aiunt
869 1279 994 1341 nomine
1006 1277 1123 1343 Saclas.
1148 1280 1245 1355 Quem
1257 1280 1424 1344 sociorum

251 1397 374 1442 suorum
391 1379 473 1442 setus
489 1381 627 1443 omnium
643 1380 792 1443 adserunt
807 1379 988 1461 devorasse,
1009 1386 1041 1444 et
1061 1380 1210 1464 quicquid
1230 1380 1301 1444 inde
1320 1401 1420 1446 com-

250 1483 382 1574 mixtum
402 1481 526 1546 divinae
547 1482 740 1546 substantiae
769 1490 908 1567 ceperat,
935 1504 1006 1548 cum
1026 1504 1120 1548 uxore
1144 1482 1353 1547 concumbens
1374 1485 1420 1548 in

251 1605 343 1647 carne
363 1584 460 1669 prolis
481 1590 640 1668 tamquam
660 1587 860 1650 tenacissimo
880 1585 1005 1650 vinculo
1030 1585 1214 1668 ccnhgasse.
1252 1583 1418 1652 Christum

250 1693 355 1752 autem
370 1688 466 1752 inisse
487 1687 654 1752 adfirmant
673 1708 766 1770 quem
786 1688 864 1752 dicit
882 1693 991 1753 nostra
1010 1691 1166 1773 scriptura
1179 1693 1370 1773 serpentem
1391 1711 1420 1754 a

251 1811 311 1876 qno
327 1790 530 1856 inluminatos
545 1791 695 1855 adserunt
710 1811 817 1855 eorum
837 1791 1021 1876 adspectus,
1040 1797 1076 1854 ut
1096 1790 1214 1856 honum
1233 1790 1417 1873 malumque

250 1895 463 1977 dinoscerent,
484 1915 617 1978 eumque
639 1893 796 1960 Christum
821 1895 1001 1958 novissimis
1021 1894 1213 1978 temporibus
1236 1891 1417 1976 advenisse,

250 1997 428 2079 adanimas,
443 2019 506 2062 non
518 1998 559 2062 ad
574 2019 703 2082 corpora
716 1997 888 2063 liberanda.
911 1997 975 2061 Nec
991 1997 1087 2061 fuisse
1103 1999 1136 2061 in
1151 2016 1244 2060 carne
1255 2015 1337 2076 vera,
1353 1995 1417 2060 sed

250 2100 573 2186 simulatamspecicm
586 2103 688 2165 carnis
700 2099 899 2164 ludificandis
911 2099 1057 2164 humanis
1065 2100 1211 2164 sensibus
1220 2098 1414 2183 praebuisse,

249 2205 304 2270 ubi
318 2203 490 2269 ncnsolum
504 2209 647 2286 mortem,
661 2223 771 2268 verum
786 2204 881 2267 etiam
895 2205 1157 2268 resurrectionem
1167 2201 1309 2266 similiter
1319 2221 1414 2266 men·

249 2309 368 2373 tiretur.
390 2307 501 2388 Deum,
518 2309 570 2390 qni
585 2307 686 2390 legem
700 2327 755 2391 per
769 2305 899 2388 Moysen
915 2305 1011 2387 dedit,
1027 2311 1059 2368 ct
1069 2307 1101 2370 in
1114 2305 1264 2370 Hebraeis
1276 2303 1413 2388 prophe-

249 2413 290 2476 tis
305 2410 427 2475 locutus
444 2415 501 2492 est,
516 2431 580 2474 uon
596 2427 664 2474 esse
678 2409 773 2474 deum
788 2429 908 2491 verum,
924 2407 979 2472 sed
993 2429 1092 2472 unum
1107 2408 1350 2492 exprincipibus
1361 2413 1413 2470 te·

249 2513 417 2580 nebrarum
438 2513 612 2578 adfirmant.
649 2513 815 2598 Ipsiusque
837 2513 1018 2576 testamenti
1041 2513 1113 2576 novi
1136 2511 1306 2595 scripturas
1328 2517 1413 2575 tam

250 2638 344 2702 quam
358 2615 487 2681 falsatas
502 2617 547 2680 ita
561 2615 683 2698 legunt,
702 2621 738 2679 ut
753 2615 836 2699 quod
850 2613 961 2679 volunt
974 2613 1048 2678 inde
1064 2613 1236 2698 accipiant,
1256 2612 1339 2696 quod
1352 2633 1412 2678 nc-

249 2720 319 2785 lnnt
332 2722 490 2804 reiiciant3
513 2721 620 2802 eisque
640 2725 800 2803 tamquam
821 2723 923 2782 totum
942 2737 1051 2782 verum
1070 2717 1224 2782 habentes
1244 2714 1413 2780 nonnullas

249 2823 441 2909 apocryphas
457 2827 661 2906 anteponunt.
697 2822 942 2887 Promissionem
962 2819 1081 2885 domini
1094 2821 1196 2884 nostri
1209 2819 1281 2884 Iesu
1296 2817 1412 2882 Christi

250 2927 288 2991 de
302 2926 452 3011 paraclito
466 2927 499 2988 in
515 2945 570 2989 suo
585 2923 803 2988 haeresiarche
817 2923 1000 2988 Manichaeo
1012 2923 1122 2988 dicunt
1133 2941 1202 2986 esse
1215 2921 1409 3006 completam.

248 3027 340 3094 Unde
356 3049 389 3093 se
404 3030 471 3113 ipse
486 3030 521 3092 in
536 3029 600 3090 suis
616 3025 728 3090 litteris
743 3027 814 3090 Iesu
830 3026 946 3090 Christi
966 3025 1140 3110 apostolum
1163 3023 1255 3105 dicit,
1275 3045 1311 3088 eo
1328 3023 1412 3108 quod

248 3131 337 3196 Iesus
353 3131 494 3196 Christus
511 3149 544 3194 se
560 3148 632 3192 eum
646 3132 816 3194 missurum
832 3149 900 3194 csse
915 3128 1107 3214 promiserit3
1124 3134 1155 3192 et
1170 3126 1240 3192 ideo
1252 3130 1318 3190 eius
1334 3149 1412 3212 apo·
1441 3175 1447 3190 .

250 3233 358 3315 stolus,
375 3235 448 3316 quia
462 3235 496 3296 in
511 3252 547 3297 so
564 3234 682 3296 missus
697 3234 740 3296 sit
753 3233 883 3316 spiritus
899 3237 1036 3296 sanctus.
1069 3232 1201 3316 Propter
1217 3229 1412 3313 quodetiam

250 3340 317 3422 ipsc
331 3334 533 3401 Manichacus
548 3334 713 3400 duodecim
728 3334 896 3420 discipulos
912 3333 1036 3416 habuit,
1058 3336 1158 3398 instar
1173 3333 1336 3418 apostolici
1350 3353 1412 3396 nu-

249 3443 339 3522 meri,
355 3460 448 3524 quem
463 3457 628 3502 numerum
642 3437 816 3503 Manichaei
832 3436 986 3519 hodieque
1002 3435 1192 3502 custodiunt.
1228 3435 1310 3500 Nam
1325 3441 1358 3500 et
1372 3455 1413 3500 ex

251 3543 360 3608 electis
375 3544 440 3607 suis
456 3541 574 3606 habent
589 3540 753 3605 duodecim
770 3561 846 3624 quos
862 3539 1022 3625 appellant
1034 3541 1216 3622 magistros,
1237 3545 1269 3602 et
1283 3540 1414 3604 tertium

250 3647 406 3711 decimum
420 3647 594 3730 principem
609 3647 758 3728 ipsorum,
773 3645 936 3728 episcopos
952 3647 1056 3706 autem
1069 3641 1181 3706 LXXII
1193 3643 1246 3724 qui
1262 3631 1412 3705 ordinan-

249 3755 301 3814 tur
315 3769 334 3812 a
347 3749 522 3830 magistris,
543 3753 575 3810 et
588 3746 805 3832 presbyteros,
827 3747 879 3828 qui
900 3745 1083 3810 ordinantur
1104 3744 1142 3808 ab
1159 3745 1329 3829 episcopis,
1350 3763 1413 3807 nu·

250 3854 329 3916 meri
342 3851 508 3914 indefiniti.
545 3849 672 3914 Habent
686 3851 780 3913 etiam
795 3849 935 3932 episcopi
950 3847 1108 3912 diaconos.
1143 3847 1212 3912 Iam
1227 3847 1323 3910 ceteri
1339 3851 1412 3910 tan·

250 3953 409 4019 tummodc
425 3953 516 4016 electi
532 3957 690 4016 vocantur.
728 3950 792 4015 Sed
805 3952 973 4016 mittuntur
988 3950 1083 4014 etiam
1096 3951 1174 4034 ipsi,
1195 3951 1249 4035 qui
1264 3947 1413 4014 videntur

249 4056 365 4139 idonei,
380 4054 517 4120 adhunc
534 4073 684 4134 errorem,
704 4053 754 4118 vel
774 4053 829 4118 ubi
849 4057 897 4116 est
911 4051 1190 4136 augmentandum,
1211 4051 1262 4116 vel
1277 4052 1330 4116 ubi
1345 4073 1413 4116 non

213 4177 214 4181 ’
250 4165 299 4226 est
314 4157 541 4224 seminandum.
569 4155 764 4243 Baptismum
779 4157 811 4220 in
827 4175 909 4240 aqua
922 4154 1001 4220 nihil
1016 4157 1161 4239 cuiquam
1176 4154 1343 4241 perhibent
1357 4175 1411 4219 sa-

301 4413 325 4469 7.
339 4413 445 4477 ducere,
462 4417 489 4464 et
499 4412 537 4466 sic
552 4416 658 4464 uantur
670 4411 725 4468 MS.
739 4414 807 4482 dap.
820 4411 922 4466 ducere.
939 4409 972 4466 Et
983 4411 1021 4466 sic
1032 4415 1140 4466 utuntur
1151 4411 1209 4467 edd.
1219 4409 1296 4464 Sin.
1309 4419 1335 4464 at
1347 4411 1412 4464 Cat·

249 4483 320 4537 land.
371 4481 396 4536 8.
409 4481 507 4552 prolem
519 4479 574 4534 MS.
588 4481 656 4549 Aac.
