3120 4994
285 255 347 321 258
753 253 983 300 rmanrsrnrsrr

286 413 405 477 cientes
421 413 450 477 ei
465 411 598 477 cumino
611 431 675 477 non
690 411 831 497 probata,
853 419 885 477 et
898 415 1034 479 maxime
1050 411 1133 498 quod
1148 433 1168 480 a
1181 413 1384 480 traditoribus
1400 412 1454 480 di·

285 519 429 582 vinarum
444 515 669 600 scripturarum
682 514 777 580 fuerit
791 515 963 583 ordinatus.
998 513 1042 582 At
1061 515 1116 582 nbi
1136 516 1210 583 hine
1232 518 1361 583 mentiri
1375 537 1455 584 eon·

285 621 361 684 victi
376 623 459 702 sunt,
474 617 613 684 schisma
625 621 659 684 in
674 617 831 685 haeresim
846 623 1076 685 converterunt.
1115 620 1210 699 Quasi
1225 623 1321 685 etiam
1336 621 1458 686 sicera

285 722 420 788 inissent
434 723 566 788 crimina
580 725 614 786 in
626 721 812 800 Caeciliano,
833 727 951 788 statum
967 743 1058 788 suum
1074 723 1112 789 de
1127 729 1192 790 toto
1208 723 1282 789 orbe
1297 731 1456 789 terrarum

286 827 418 892 ecclesia
426 828 568 890 amittere
577 827 731 911 potuisset
737 833 864 911 propter
875 829 969 891 unius
977 824 1113 892 hominis
1121 825 1256 912 culpam,
1270 847 1326 892 seu
1335 845 1456 908 vsmm,

285 951 340 994 seu
349 929 539 1014 quodmagis
552 927 877 1015 apparuit'iudieibus,
890 928 1012 1012 falsam,
1026 936 1058 994 et
1069 929 1455 1016 inpartehirioanasolus

284 1029 1455 1118 Donatuspotueritstatumecclesiaeconservare,detotoantemorbeter·

284 1157 390 1202 rarum
404 1138 446 1201 sit
460 1135 580 1201 deletus
596 1141 775 1200 sanctorum
790 1134 1000 1220 apostolorum
1014 1133 1101 1201 labor
1113 1143 1145 1200 et
1154 1138 1258 1222 passio
1270 1143 1454 1222 martyrum.

284 1240 383 1305 Immo
398 1242 467 1326 ipse
482 1238 646 1305 salvatoris
661 1239 761 1304 nostri
777 1259 867 1304 eruor
882 1237 922 1303 ad
938 1239 1188 1305 conservandum
1204 1245 1327 1306 coetum
1343 1239 1454 1306 catho-

284 1343 363 1408 licae
374 1341 448 1408 fidoi
461 1342 584 1424 defecit,
600 1362 693 1426 quem
708 1341 793 1406 solus
803 1341 945 1407 Donatus
961 1361 1032 1407 cum
1047 1342 1214 1427 aliquantis
1230 1342 1454 1412 ¹osellionibus

284 1445 456 1531 Byzacenis
473 1445 617 1510 obtinuit.
653 1443 776 1510 Etideo
798 1446 865 1509 ausi
885 1450 961 1510 aunt
981 1444 1174 1530 rebaptizare
1197 1445 1378 1512 catholicos.
1412 1447 1455 1512 ln

286 1571 346 1635 qno
362 1569 454 1636 opere
470 1555 501 1612 et
514 1551 765 1634 praesumptores
787 1567 821 1611 se
842 1551 874 1612 et
894 1547 1089 1614 damnabiles
1105 1549 1358 1635 comprobarunt,
1379 1569 1455 1615 cnm

285 1652 436 1719 ecclcsiae
451 1651 622 1716 universali
642 1652 745 1715 sciant
758 1649 914 1736 placuisse
936 1671 992 1716 nec
1007 1651 1040 1715 in
1055 1653 1133 1736 ipsis
1148 1652 1313 1717 haereticis
1329 1652 1453 1738 baptis·
1549 1683 1550 1706 r

284 1759 377 1822 matis
391 1755 508 1821 violare
524 1756 682 1819 virtutem.
718 1753 819 1818 Huius
839 1752 979 1819 haeresis
1000 1756 1175 1840 prinoipem
1194 1755 1326 1840 legimus
1343 1753 1453 1821 Dona·
1549 1801 1550 1804 κ

284 1865 362 1942 tum,
379 1861 433 1944 qui
448 1857 486 1922 dc
500 1855 650 1923 Numidia
663 1857 794 1921 veniens
814 1855 1044 1940 Carthaginem,
1063 1862 1095 1920 et
1110 1863 1219 1923 contra
1239 1857 1455 1925 Caecilianum
1549 1871 1550 1938 ζ

285 1962 402 2027 Christi
416 1959 559 2026 dividens
574 1959 710 2046 plebem,
730 1959 904 2042 adiungens
924 1959 985 2024 sibi
1006 1959 1146 2025 eiusdem
1165 1961 1311 2026 iectionis
1326 1965 1453 2047 episco-

285 2087 352 2152 pos,
371 2063 575 2130 ²blaiorinum
589 2064 716 2127 nomine
730 2062 764 2126 in
779 2083 836 2127 sua
849 2068 937 2146 parte
958 2062 1042 2148 apud
1057 2063 1276 2146 Carthaginem
1292 2063 1454 2129 ordinavit
1549 2055 1550 2132 ζ

286 2168 477 2254 episcopum.
515 2166 572 2230 Cui
591 2165 743 2230 blaiorino
758 2165 900 2231 Donatus
915 2164 995 2229 alius
1014 2166 1048 2230 in
1069 2166 1179 2230 eadem
1200 2167 1353 2232 divisione
1378 2188 1453 2233 suc·

287 2273 392 2354 cessit,
412 2271 466 2354 qni
486 2268 664 2354 eloquentia
678 2289 735 2332 sua
749 2270 794 2333 sic
815 2268 1011 2333 confirmavit
1024 2267 1106 2332 hanc
1122 2267 1288 2352 haeresim,
1309 2275 1345 2333 ut
1359 2269 1455 2334 multi

286 2377 467 2439 existiment
478 2373 516 2437 de
529 2375 596 2457 ipso
608 2373 712 2456 potius
722 2370 903 2437 Donatistae
915 2371 1040 2436 initium
1050 2371 1216 2437 haerescos
1227 2371 1453 2458 adsumpsisse.

284 2477 401 2543 Extant
414 2473 507 2540 hodie
523 2476 641 2560 scripta
656 2477 739 2556 eiua,
758 2473 813 2538 ubi
827 2473 994 2560 ³probetur
1013 2475 1047 2538 in
1066 2474 1207 2538 trinitate
1228 2481 1336 2540 contra
1355 2475 1454 2540 fidem

287 2579 472 2646 catholicam
488 2579 675 2663 suscepisse.
711 2575 908 2661 lit‘quamvis
922 2579 1015 2642 unius
1036 2577 1230 2642 substantiae
1246 2578 1329 2643 dicat
1343 2578 1378 2643 in
1393 2579 1453 2642 tri·

286 2687 385 2750 nitate
401 2683 495 2748 deum
509 2685 645 2766 patrem,
663 2686 771 2744 tamen
789 2679 940 2746 maiorem
955 2679 1034 2763 filio,
1054 2679 1155 2746 filium
1168 2681 1321 2747 maiorem
1336 2681 1453 2766 spiritu

288 2793 395 2852 sancta
415 2785 597 2852 confirmare
617 2784 760 2848 tentavit.
798 2781 861 2846 Sed
879 2782 913 2848 in
933 2782 1016 2847 hunc
1036 2803 1172 2847 errorem
1191 2784 1262 2848 ideo
1284 2783 1390 2848 nullus
1414 2783 1453 2850 de

286 2889 401 2978 populo
417 2891 483 2953 eius
498 2886 651 2968 adtendit,
674 2887 747 2969 quia
760 2884 822 2948 alia
836 2892 904 2949 crat
921 2888 1053 2950 intentio
1069 2887 1153 2950 inter
1167 2893 1281 2971 partes.
1318 2886 1361 2951 Hi
1374 2886 1453 2951 hae·

287 2995 376 3057 retici
389 2995 423 3056 in
437 2989 579 3077 partibus
593 2987 700 3053 Italiae
712 2987 910 3053 ‘Montenses
922 2988 1128 3074 appellantur,
1143 2991 1176 3052 in
1187 2991 1334 3054 interiore
1344 2989 1456 3054 Africa

286 3095 497 3175 Parmeniani,
511 3095 545 3156 in
560 3089 810 3174 Carthaginiensi
824 3090 1016 3156 Donatistae.
1052 3093 1089 3156 In
1107 3093 1270 3175 utriusque
1284 3091 1454 3157 Numidiae

285 3197 427 3284 partibus
442 3195 561 3260 habent
580 3193 677 3259 ueluti
692 3193 876 3276 monachos,
897 3215 974 3278 quos
996 3193 1270 3260 Circumcelliones
1290 3215 1454 3278 vocamus,

286 3305 424 3384 agrestes
439 3303 471 3362 et
482 3297 707 3362 audacissimos
720 3297 906 3362 daemonum
917 3296 1060 3379 famulos,
1076 3297 1128 3380 qui
1140 3315 1204 3360 non
1215 3297 1317 3362 solum
1327 3299 1362 3362 in
1373 3297 1453 3363 alios

285 3406 398 3468 acriter
413 3401 566 3482 saeviunt,
581 3419 690 3466 verum
706 3402 799 3464 etiam
811 3399 960 3484 sibiipsis
972 3399 1080 3463 miseri
1092 3401 1219 3465 omnino
1231 3421 1294 3465 non
1305 3405 1450 3486 parcunt.

284 3505 364 3571 Nam
398 3526 454 3590 per
485 3509 602 3568 mortes
629 3505 747 3586 uarias,
777 3504 975 3585 maximeque
1009 3503 1263 3587 praecipitiorum
1292 3509 1325 3566 et
1352 3523 1451 3588 aqua-

228 3683 230 3688 ,
284 3631 354 3674 rum
376 3613 408 3673 et
426 3607 556 3690 ignium,
578 3625 646 3670 sese
661 3605 836 3670 interficere
852 3611 1053 3688 consuerunt,
1073 3603 1158 3668 etad
1178 3603 1261 3670 hunc
1276 3605 1396 3695 exitum
1411 3627 1452 3672 ex

284 3718 415 3796 utroque
436 3729 513 3775 sexu
539 3713 672 3792 quantos
691 3709 850 3792 potuerint
864 3705 1027 3772 seducunt.
1063 3707 1240 3790 Aliquando
1255 3708 1350 3773 etiam
1371 3729 1451 3792 quos

283 3813 464 3879 invenerint
488 3818 611 3895 rogent,
641 3816 677 3876 ut
702 3809 741 3873 ab
767 3811 812 3874 eis
839 3809 1036 3892 occidantur,
1066 3816 1200 3875 mortem
1225 3813 1287 3876 nisi
1315 3811 1453 3876 fecefint

286 3917 524 3984 comminantes.
562 3913 650 3992 Quod
673 3933 783 3978 verum
807 3918 870 3995 est,
893 3911 1000 3978 multis
1020 3913 1255 3978 Donatistarum
1281 3913 1454 3999 displicent

285 4020 375 4102 tales,
390 4018 446 4083 scd
461 4017 518 4084 hoc
534 4017 640 4098 verbo,
660 4036 724 4081 uon
739 4037 842 4103 opere.
879 4015 959 4080 Nam
974 4015 1000 4080 si
1015 4036 1088 4080 vere
1105 4015 1319 4101 displicerent,
1339 4020 1451 4100 utiquc

285 4122 402 4188 talibus
422 4141 486 4186 non
508 4121 789 4202 communicarent,
809 4120 860 4204 qui
881 4124 1053 4204 portatum
1076 4119 1183 4184 orbem
1198 4119 1340 4185 ecclesiia
1354 4122 1451 4185 unius

161 4285 166 4303 ,
286 4224 455 4291 Caeciliani
471 4226 588 4288 crimen
603 4225 789 4306 impingunt.
826 4221 906 4286 Nam
921 4231 953 4286 ct
966 4221 1098 4316 interae
1113 4223 1293 4307 frequenter
1310 4221 1450 4288 habuere
1548 4265 1550 4284 .

336 4343 400 4413 Cap.
411 4341 506 4396 LXIX.
518 4371 552 4382 --
585 4341 607 4394 l.
623 4341 697 4402 Quod
708 4339 839 4408 Byzacem'
854 4349 963 4394 creseat
977 4343 1059 4394 acina
1087 4340 1168 4404 Tace
1179 4339 1278 4393 Plinius
1294 4339 1337 4395 lib.
1351 4339 1451 4405 XVII,

287 4411 382 4482 cup-5.
400 4409 541 4480 (Gallandd
592 4409 788 4489 2.Maa'urinnpu
798 4407 853 4463 MS.
866 4409 934 4479 Aug.
947 4409 1029 4463 liuta
1058 4429 1075 4462 a
1088 4426 1188 4480 qaoque.
1239 4409 1264 4462 3.
1275 4409 1401 4479 probatur
1410 4411 1452 4464 lu·

286 4479 538 4602 {falsitate
562 4477 1365 4616 amitttattatttttttttstati
1378 4479 1450 4548 ²¹⁸⁹·
