3112 4986
289 313 352 378 214
795 311 948 354 auossrrar

290 488 386 534 unam
405 467 562 534 haeresim
583 470 681 554 ponit.
714 468 870 552 Dicuntur
888 467 1042 536 Eucbitae
1062 471 1185 555 opinari
1204 466 1368 536 monaobh
1389 485 1453 531 non

289 570 384 636 licere
399 569 622 636 sustentandae
637 573 722 636 vitae
737 589 812 637 suae
828 591 923 636 causa
937 570 1056 655 aliquid
1071 573 1210 656 operari,
1229 575 1324 655 atque
1342 572 1390 634 ita
1404 589 1440 634 se

291 676 375 760 ipsos
389 673 559 740 monachos
574 674 724 758 profiteri,
738 681 775 740 ut
789 676 916 740 omnino
932 672 972 738 ab
988 675 1134 760 operibns
1149 679 1272 740 vacent.

353 775 460 862 Usque
475 775 517 842 ad
530 779 610 840 istos
629 797 702 859 ergo
723 776 762 841 de
782 775 964 844 haeresibus
984 793 1169 862 opus‘suum
1183 775 1332 862 perduxit
1346 795 1460 862 supra·

291 879 392 944 dietus
408 881 573 964 spiscopus
590 873 733 964 Cyprius,
748 879 830 964 apud
848 880 982 946 Graecos
997 883 1079 954 inter
1093 899 1222 963 magnos
1236 877 1379 961 habitus,
1393 884 1463 944 eta

289 979 398 1046 multis
413 984 447 1046 in
463 979 635 1046 catholicae
650 981 724 1046 fidei
740 984 874 1046 sanitate
890 982 1045 1048 laudatus.
1083 983 1179 1048 Cuius
1195 1003 1251 1065 ego
1266 985 1300 1046 in
1317 1001 1460 1050 comma·

290 1083 450 1151 morandis
464 1083 630 1150 haereticis
646 1103 710 1150 non
725 1083 865 1167 modum,
879 1083 934 1150 sed
950 1085 1092 1153 ordinem
1112 1106 1183 1150 sum
1203 1091 1342 1150 secutus.
1376 1083 1462 1152 Nam

291 1195 323 1252 et
337 1187 442 1270 aliqua
457 1207 496 1250 ex
510 1185 579 1250 aliis
596 1188 686 1271 posui
702 1207 781 1270 quae
799 1189 867 1272 ipss
886 1207 950 1253 uon
964 1191 1086 1272 posuit,
1106 1195 1138 1253 et
1157 1189 1264 1272 aliqua
1282 1208 1348 1252 non
1366 1190 1461 1274 posui

292 1311 370 1374 qnae
386 1293 454 1375 ipse
468 1291 588 1374 posuit3
608 1291 713 1372 itaque
734 1288 795 1354 alia
816 1289 910 1356 latius
929 1309 1025 1373 quam
1039 1293 1122 1376 ipse,
1140 1289 1202 1358 alia
1221 1293 1318 1356 etiam
1331 1287 1461 1356 breuius

292 1392 457 1478 explicavi,
472 1411 641 1476 paremque
657 1393 691 1456 in
705 1391 866 1458 nonnullis
879 1390 1007 1458 exhibui
1019 1393 1217 1475 brevitatem,
1233 1395 1338 1458 omnia
1348 1391 1461 1458 mede·

291 1515 364 1558 rans
380 1498 461 1560 sicut
475 1495 660 1559 intentionis
675 1513 762 1558 meae
777 1497 855 1560 ratio
871 1495 1060 1580 postulabat.
1082 1495 1217 1562 Proinde
1233 1493 1287 1560 ille
1298 1495 1337 1560 de
1349 1502 1461 1562 octua-

291 1599 379 1680 ginta
392 1596 586 1680 haeresibus,
601 1597 754 1681 separatis
769 1599 891 1680 viginti,
906 1619 984 1682 quas
999 1604 1072 1664 aute
1087 1597 1206 1666 domini
1217 1597 1392 1664 adventum
1406 1619 1461 1662 ex-

291 1701 406 1783 titisse,
420 1701 501 1764 sicut
516 1701 546 1764 ei
560 1700 663 1764 risum
678 1703 737 1780 ast,
753 1703 961 1785 computavit,
976 1700 1111 1785 reliquas
1127 1707 1199 1788 post
1213 1703 1331 1768 domini
1345 1721 1460 1767 ascen·

292 1823 363 1869 eum
378 1808 468 1868 natas
484 1803 648 1885 sexaginta
667 1801 861 1868 brevissimis
882 1802 972 1868 libris
989 1807 1125 1888 quinque
1141 1803 1397 1890 comprehendit,
1412 1811 1459 1870 at—
1544 1809 1545 1890 l

292 1927 353 1992 qne
368 1925 478 1972 omnes
493 1925 549 1970 sex
564 1905 662 1972 libros
677 1907 773 1970 totius
788 1905 930 1972 eiusdem
944 1909 994 1972 sui
1010 1909 1112 1992 operis
1127 1907 1229 1972 ⁶fecit.
1262 1906 1325 1991 Ego
1342 1913 1460 1986 antem

293 2011 367 2096 quia
388 2007 563 2074 secundum
584 2009 771 2092 petitionem
793 2014 880 2074 tuam
902 2029 955 2074 eas
977 2009 1123 2076 haereses
1137 2029 1310 2076 memorare
1325 2011 1459 2090 institui,
1544 2009 1545 2016 ’

293 2133 373 2198 quac
396 2115 469 2198 post
494 2110 752 2195 glorificationem
772 2109 889 2176 Christi
908 2129 943 2178 se
963 2111 1113 2178 aduersus
1136 2112 1311 2179 doctrinam
1333 2111 1459 2192 Christi,
1544 2151 1545 2178 ι

294 2217 390 2281 etiam
409 2213 468 2280 sub
490 2213 646 2278 velamine
666 2209 835 2279 Christiani
858 2216 994 2282 nominis
1017 2215 1212 2298 extulerunt,
1232 2215 1458 2300 quinquaginta
1544 2223 1545 2288 ζ

295 2323 416 2404 septem
431 2335 470 2382 ex
483 2315 651 2402 Epiphanii
666 2317 766 2402 ipsius
781 2337 876 2402 opere
890 2318 924 2382 in
938 2337 1045 2382 meum
1057 2317 1215 2400 transtuli,
1229 2317 1307 2382 duas
1318 2319 1351 2380 iu
1365 2336 1458 2380 unam

293 2421 449 2502 reterens,
468 2417 522 2484 ubi
537 2419 657 2484 nnllam
672 2419 881 2484 offerentiam
896 2423 984 2506 potui
1000 2422 1151 2506 reperire,
1167 2426 1199 2484 et
1213 2439 1322 2486 rursus
1337 2418 1393 2484 ubi
1407 2417 1457 2483 illc
1544 2429 1545 2470 ὲ

295 2544 334 2588 ex
349 2522 470 2588 duabus
491 2541 587 2586 unam
608 2521 710 2586 facere
730 2521 843 2604 voluit,
865 2521 924 2586 sub
947 2525 1086 2590 numeria
1108 2524 1174 2588 suia
1197 2521 1336 2607 singulas
1359 2522 1456 2607 posui.

294 2625 357 2693 Sed
372 2625 473 2690 adhuc
490 2643 733 2690 commemorare
756 2623 854 2690 debeo
874 2627 941 2690 sive
962 2645 1039 2710 quas
1060 2625 1143 2711 apud
1158 2624 1236 2690 alios
1251 2627 1372 2711 reperi,
1393 2625 1456 2688 aira

294 2750 371 2816 quas
387 2733 454 2816 ipse
469 2729 665 2794 reminiscor.
701 2727 793 2794 Nunc
814 2747 886 2810 ergo
906 2726 986 2794 addo
1003 2747 1081 2811 quas
1096 2727 1251 2794 Philaster
1265 2729 1387 2814 posuit,
1401 2745 1456 2790 nec
1544 2799 1545 2814 χ

294 2831 616 2920 posuitEpiphanias.
1544 2817 1545 2824 ἵ

134 2940 185 2993 ⁰¹⁹·
198 2939 278 2982 ΝΗ·
356 2935 649 3016 Metangismonitao
670 2933 731 3000 dici
751 2938 885 3019 possunt
905 2935 958 3018 qui
976 2933 1205 3016 Metangismon
1226 2937 1390 3016 asserunt,
1410 2931 1455 2998 di·

295 3043 402 3104 centes
417 3039 462 3103 sic
478 3058 547 3102 esse
562 3038 595 3102 in
610 3041 698 3122 patre
711 3036 820 3119 lilium,
835 3035 990 3120 quomodo
1002 3056 1059 3101 vas
1070 3037 1104 3100 in
1115 3029 1201 3118 uase,
1215 3035 1306 3120 quasi
1317 3034 1380 3100 duo
1392 3055 1457 3102 aor-

294 3163 371 3228 pora
391 3138 558 3206 carnaliter
577 3141 759 3224 opinantes,
780 3141 825 3202 ita
843 3145 878 3203 ut
898 3138 981 3203 fidus
1000 3141 1097 3204 intret
1115 3140 1289 3224 inpetrem
1309 3143 1457 3224 tanquam

295 3263 351 3309 ves
366 3245 470 3308 minus
484 3245 518 3306 in
533 3263 589 3308 vas
604 3243 716 3306 maius.
737 3239 829 3307 Unde
846 3247 878 3306 ct
892 3241 955 3306 tale
971 3262 1086 3306 nomen
1100 3241 1152 3306 hic
1168 3261 1253 3306 error
1268 3243 1409 3326 accepit,
1428 3247 1460 3306 ut

296 3345 501 3437 μεταιγισιιὸς
518 3345 634 3412 Graeco
650 3343 821 3423 dicaretur3
836 3345 960 3434 ἀγγεῖον
980 3346 1095 3430 quippe
1115 3342 1171 3408 illa
1184 3343 1291 3426 lingua
1305 3363 1361 3408 vas
1382 3342 1457 3411 diei·
1544 3393 1545 3412 ι

241 3485 246 3495 ·
297 3457 358 3531 tur,
373 3449 430 3514 sed
445 3449 589 3514 introitus
611 3450 705 3512 unius
725 3449 808 3512 vasis
829 3446 1011 3512 inultorum
1036 3447 1146 3512 Latine
1170 3467 1233 3512 uno
1253 3449 1384 3518 nomine
1398 3467 1457 3514 uon

296 3557 401 3639 potest
416 3551 477 3618 dici
493 3554 574 3616 sicut
589 3551 705 3618 Graece
721 3551 824 3636 potuit
839 3550 1051 3640 μεταγγισμός.

160 3659 210 3710 c¹1³·
224 3657 280 3700 ¹¹¹¹·
361 3653 536 3720 Seleuciani
552 3660 625 3718 sunt
639 3653 689 3718 vel
703 3653 865 3718 Hermiani
880 3651 920 3717 ab
936 3651 1115 3718 auctoribus
1130 3649 1260 3718 Seleuco
1277 3658 1310 3716 et
1323 3651 1458 3734 Hermia,

239 3744 245 3759 ’
298 3760 351 3843 qui
366 3757 590 3822 elementorum
604 3758 783 3837 materiam,
804 3754 843 3820 do
859 3775 921 3838 qua
934 3755 1035 3820 factus
1051 3761 1100 3820 est
1113 3754 1265 3838 mundns,
1285 3775 1348 3821 non
1369 3755 1457 3824 adeo

298 3861 412 3927 iactam
424 3860 541 3940 dicunt,
557 3857 612 3924 sed
624 3855 681 3924 deo
694 3865 900 3923 coaeternam.
923 3857 989 3924 Nec
1001 3859 1138 3927 animam
1150 3857 1207 3923 dec
1218 3858 1362 3924 tribuunt
1374 3879 1456 3924 crea·

298 3967 370 4045 tori,
385 3963 440 4027 sed
456 3967 611 4028 creatores
627 3981 695 4026 esee
711 3963 886 4025 animarum
901 3959 1028 4044 angelos
1042 3959 1153 4027 volunt
1175 3960 1213 4024 de
1234 3963 1305 4044 igne
1321 3967 1354 4024 et
1369 3963 1455 4048 spiri·

298 4073 343 4131 tu.
364 4065 481 4130 Malum
495 4071 601 4130 autem
616 4068 762 4128 asserunt
776 4081 846 4128 esee
861 4061 1027 4148 aliquando
1043 4083 1062 4126 a
1076 4063 1149 4144 deo,
1169 4061 1338 4147 aliquando
1360 4085 1455 4129 ama·

299 4171 387 4233 teria.
418 4167 541 4252 Negant
555 4165 742 4232 salvatorem
756 4167 790 4231 in
806 4185 898 4230 carne
913 4163 1021 4230 sedere
1037 4165 1078 4232 ad
1093 4163 1255 4232 dexteram
1270 4169 1385 4253 patris,
1405 4165 1455 4232 sed

300 4293 337 4336 ea
351 4293 384 4337 se
400 4273 523 4338 exuisse
538 4269 715 4356 perhibent,
730 4289 859 4355 umque
873 4269 908 4334 in
923 4267 988 4333 sole
998 4270 1152 4355 posuisse,
1167 4270 1359 4355 accipientes
1371 4290 1455 4335 occa·

352 4525 375 4578 6.
392 4523 468 4578 Edita·
483 4525 512 4580 in
526 4541 575 4580 sex
591 4523 671 4578 libros
688 4525 768 4580 totins
790 4523 906 4583 eiusdem
923 4525 965 4580 sui
976 4525 1061 4598 operis
1076 4525 1138 4580 lecit
1153 4523 1281 4580 concludi.
1314 4521 1391 4578 MSS.
1403 4542 1455 4578 aare

304 4593 347 4644 rr'ec
360 4591 618 4661 habeutprrrtr‘culom
629 4591 665 4657 in,
678 4609 723 4644 ner
735 4592 835 4645 cabum
847 4592 974 4648 concludi.
989 4635 992 4640 .
1009 4591 1129 4663 (Rooted.)
