3120 4994
305 279 367 345 338
709 275 1053 320 namrnnrmasmmners

307 455 378 500 caro
392 453 456 498 non
470 433 549 500 vidit
564 436 801 519 corruptionem.
824 434 913 498 Hanc
929 436 1081 498 rationem
1092 435 1228 498 maxima
1239 437 1363 518 patrum
1374 431 1463 496 turba

307 537 448 601 tradente
469 535 674 622 suscepimus.
710 538 827 600 Verum
847 539 920 620 quia
939 543 1014 601 sunt
1033 543 1065 600 et
1084 536 1138 600 alii
1157 555 1255 618 aeque
1276 533 1418 600 catholici
1434 541 1464 596 et

307 640 418 704 eruditi
433 641 492 702 viri
508 643 561 723 qui
577 639 708 702 credunt
728 639 885 704 animuin
906 659 1033 724 corpore
1053 645 1200 704 manente
1219 636 1405 702 “mutandos
1424 635 1463 698 ad

305 745 568 828 incorruptionem
588 746 620 805 et
638 741 904 806 immortalitatem
923 761 975 806 eos
996 744 1050 825 qui
1068 744 1102 805 in
1117 741 1253 805 adventu
1268 739 1464 804 domininici

306 845 487 910 inveniendi
502 849 590 926 sunt,
611 849 643 907 et
655 843 714 908 hoc
730 846 775 908 eis
790 847 928 929 reputari
948 865 1003 930 pro
1023 845 1248 908 resurrectione
1270 863 1309 904 ex
1323 842 1463 920 normis,

307 949 388 1031 quod
408 947 646 1011 6mortalitatem
666 946 884 1012 immutatione
903 947 1077 1032 deponant,
1097 967 1159 1010 non
1183 951 1299 1026 morte,
1328 941 1464 1028 quolibet

306 1055 375 1134 quis
391 1052 570 1134 acquiescat
583 1048 685 1130 modo,
700 1069 763 1113 uon
779 1055 827 1114 est
841 1049 1027 1130 haereticas,
1042 1051 1104 1114 nisi
1119 1069 1157 1112 ex
1172 1049 1374 1112 contentione
1389 1045 1462 1108 hae·

308 1157 423 1217 retiens
438 1153 502 1216 fiat.
540 1151 663 1216 Sufficit
682 1152 820 1216 enimin
835 1151 987 1218 ecclesiae
1002 1151 1069 1234 lege
1085 1153 1188 1216 carnis
1203 1150 1459 1216 resurrectionem

306 1256 431 1322 credere
445 1255 581 1318 futuram
597 1254 634 1318 de
650 1260 759 1320 morte.

169 1371 218 1423 err·
232 1373 287 1414 ιἰιῐ-
371 1357 457 1436 Quod
473 1363 578 1422 antem
593 1357 726 1421 dicimus
738 1359 773 1420 in
793 1357 952 1440 symbolo,
973 1360 1007 1421 in
1027 1356 1164 1422 adventu
1183 1355 1303 1421 demini
1323 1357 1412 1420 vivos
1429 1374 1462 1416 ac

307 1469 444 1526 mortuos
458 1459 656 1540 iudicandos,
671 1479 734 1524 non
749 1460 849 1526 solum
863 1463 963 1524 iustos
979 1467 1011 1522 et
1024 1465 1205 1544 peccatores
1221 1457 1408 1540 significari,
1422 1459 1462 1520 si-

308 1571 361 1628 cut
374 1564 526 1628 Diodorus
541 1569 644 1648 putat,
667 1561 723 1625 sed
742 1568 774 1625 et
793 1562 880 1626 vivos
902 1582 954 1626 eos
970 1563 1071 1646 quiin
1087 1581 1180 1626 carne
1194 1559 1379 1625 inveniendi
1394 1565 1463 1624 sunt

308 1667 480 1748 oredimus,
499 1667 553 1748 qui
568 1664 668 1728 adhuc
688 1666 831 1728 morituri
846 1664 1028 1745 ereduntur,
1048 1663 1099 1727 vel
1118 1662 1307 1728 immutandi
1320 1669 1412 1744 sunt,
1431 1668 1464 1724 nt

307 1771 359 1833 alii
375 1769 497 1850 volunt,
517 1773 552 1831 ut
571 1767 714 1832 suscitati
734 1769 881 1832 continuo
900 1766 951 1830 vel
972 1767 1129 1830 reformati
1150 1772 1315 1831 comante
1335 1765 1463 1830 mortuis

306 1873 491 1936 iudicentur.

190 1991 237 2042 tau·
252 1993 288 2032 lx·
368 1976 443 2038 Post
461 1973 720 2038 resurrectionem
740 1979 772 2036 et
790 1971 941 2036 iudicium
962 1992 1023 2036 non
1045 1971 1208 2036 credamus
1234 1970 1463 2036 restitutionem

306 2078 455 2159 luteram,
475 2097 567 2159 quarn
588 2075 736 2158 Origenes
757 2074 883 2156 delirat,
902 2081 938 2138 ut
956 2075 1123 2139 daemones
1142 2073 1192 2138 vel
1213 2076 1303 2158 impii
1322 2072 1463 2140 homines

306 2187 376 2264 post
391 2185 544 2244 tormenta
559 2181 647 2262 quasi
662 2178 825 2262 suppliciis
841 2179 1003 2262 expurgati
1017 2177 1068 2240 vel
1082 2175 1129 2240 illi
1143 2179 1176 2239 in
1192 2175 1385 2258 angelicam,
1406 2196 1463 2258 qua

307 2284 402 2346 urenti
418 2287 501 2363 sunt,
516 2280 646 2347 redeant
661 2280 855 2363 dignitatem,
870 2279 920 2344 vel
936 2280 1007 2344 ¹isti
1023 2282 1175 2344 iustorum
1190 2279 1333 2342 societati
1345 2278 1462 2342 donen-

306 2392 371 2465 tur,
387 2405 422 2448 eo
438 2384 519 2468 quod
535 2383 592 2448 hoe
608 2381 731 2447 dinnao
747 2384 913 2447 conveniat
927 2383 1047 2467 pietati,
1063 2403 1102 2444 ne
1118 2381 1194 2464 quid
1209 2401 1248 2444 ex
1259 2381 1463 2446 rationalibus

306 2493 413 2572 pereat
428 2489 593 2567 creaturis,
613 2485 669 2550 sed
690 2485 830 2568 quolibet
849 2484 939 2548 modo
960 2485 1106 2548 salvetur.
1145 2483 1207 2548 Sed
1227 2503 1284 2548 nos
1300 2483 1463 2548 credemus

307 2593 366 2674 ipsi
382 2590 478 2654 indici
493 2587 649 2652 ²omnium
664 2595 696 2650 et
711 2589 891 2652 retributori
906 2589 987 2652 iusto
1003 2587 1056 2670 qui
1072 2587 1166 2652 dixit:
1192 2585 1307 2650 ³Ibunt
1325 2588 1421 2671 ainpii
1431 2587 1464 2647 in

305 2694 496 2778 supplicium
510 2703 679 2772 ueternum,
693 2691 771 2754 tenet
781 2700 884 2754 autent
898 2692 932 2754 in
943 2692 1040 2754 ortam
1054 2699 1222 2770 aeternnm,
1238 2690 1463 2774 ucpempicnt

297 2797 446 2880 sibetuna
461 2816 588 2879 opernm
601 2793 756 2858 4ιιιιοιιιιιι.

200 2913 249 2963 Cau·
264 2915 289 2954 x·
369 2898 405 2960 In
420 2895 573 2981 principio
589 2896 706 2960 creavit
721 2895 798 2960 deus
814 2894 937 2960 caelum
952 2901 984 2958 et
997 2902 1112 2960 terram
1128 2901 1160 2958 et
1174 2911 1287 2977 aquam
1302 2913 1342 2956 ex
1357 2891 1462 2958 nihilo.

306 2999 345 3062 Et
359 3020 431 3062 cum
445 2998 546 3062 adhuc
560 2999 709 3064 tenebrae
724 3001 826 3082 ipsam
840 3019 954 3082 aquam
969 2997 1176 3078 occultarent,
1192 3003 1223 3059 et
1239 2996 1337 3079 ιιιιιιιιι
1350 3002 1464 3059 terram

308 3100 523 3181 absconderet,
538 3101 613 3164 facti
628 3105 702 3163 sunt
716 3101 817 3183 angeli
834 3107 865 3164 et
879 3121 988 3166 ornnes
1008 3082 1159 3164 caelestes
1179 3101 1327 3180 virtutes,
1349 3105 1386 3162 ut
1403 3119 1463 3162 non

308 3209 392 3268 esset
406 3206 503 3267 otiosa
518 3201 567 3265 dei
582 3203 715 3284 bonitas,
730 3203 785 3266 sed
799 3204 930 3268 haberet
945 3205 977 3266 in
993 3201 1106 3286 quibus
1121 3223 1177 3287 por
1190 3201 1289 3266 multa
1302 3207 1376 3264 ante
1391 3221 1463 3285 spa·

309 3309 353 3369 tia
367 3306 538 3370 bonitatem
553 3325 643 3368 suam
657 3305 845 3386 ostenderet,
860 3311 891 3370 et
905 3308 950 3369 ita
964 3305 1014 3368 hie
1029 3303 1164 3368 visibilis
1184 3303 1319 3368 mundus
1341 3301 1399 3366 2ex
1416 3303 1463 3366 his

309 3429 387 3492 quae
403 3414 507 3472 creata
521 3407 644 3470 inerant
658 3408 758 3470 factus
774 3414 822 3471 est
837 3413 1018 3472 eternales.

192 3531 240 3580 cap.
255 3531 290 3570 rr.
370 3511 457 3575 Nihil
471 3513 686 3594 incorporeum
707 3515 739 3571 et
757 3509 914 3574 invisibile
931 3511 1060 3574 ¹natnra
1080 3507 1270 3574 credendum
1285 3510 1348 3573 nisi
1363 3509 1462 3573 solum

309 3613 414 3695 deum,
428 3613 461 3676 id
477 3618 525 3676 est
540 3618 661 3697 patrem
675 3616 708 3674 et
722 3610 821 3676 lilium
835 3619 867 3675 et
881 3614 1025 3697 spiritum
1041 3618 1193 3676 sunctum.
1216 3610 1292 3688 ²Qui
1309 3631 1348 3675 ex
1364 3633 1400 3676 eo
1415 3615 1462 3676 iu·

307 3801 454 3870 ruptionem
466 3800 557 3851 deleuit
568 3797 691 3860 Etment,
703 3815 734 3848 ex
746 3805 842 3850 aneton
855 3801 895 3850 erre·
906 3800 961 3852 eod.
977 3797 1089 3852 Floreat.
1141 3796 1165 3851 5.
1178 3797 1355 3852 immutandos
1367 3800 1407 3852 ed.
1418 3797 1462 3848 El·

308 3869 388 3922 menl.
440 3867 464 3920 b.
475 3867 659 3920 mortalitatem
671 3866 812 3935 praesentis
824 3867 892 3918 vitun
903 3867 1083 3920 immutatione
1095 3865 1167 3918 MSS.
1185 3869 1286 3933 qnidam
1299 3870 1373 3935 opud
1386 3867 1463 3918 Bene·

309 3940 424 3998 dicturos,
437 3939 491 3990 cod.
504 3935 626 3998 Floreat,
638 3943 663 3986 et
672 3937 731 3986 iride
743 3937 802 3988 edit.
815 3933 929 3989 Elmeulr.

376 4005 437 4073 Cap.
450 4003 496 4056 lX.
508 4035 540 4043 -
555 4004 576 4056 l.
588 4002 677 4056 iniusti
689 4005 748 4056 edit.
764 4001 885 4064 nemeen,
898 4021 952 4054 eum
965 4005 1019 4056 cod.
1034 4003 1152 4064 Floreat,
1166 4003 1371 4071 conspirantibus
1381 4005 1463 4071 pluri-

309 4075 353 4126 bus
365 4075 437 4126 cedd.
449 4072 521 4126 MSS.
535 4072 762 4124 Benedictinornm.
798 4069 821 4121 2.
834 4072 949 4122 omniurn
962 4072 1108 4124 retributori
1119 4073 1246 4124 iustorum
1258 4073 1296 4122 ed.
1307 4071 1424 4123 Elmalr.
1435 4091 1464 4122 es

310 4143 474 4195 euctemon.
488 4141 600 4193 Floreat.
664 4137 687 4190 3.
699 4137 790 4190 blant.
803 4137 887 4202 XXV,
899 4139 941 4193 46.
1004 4139 1029 4190 4.
1041 4141 1102 4190 Post
1112 4155 1218 4191 suorum
1230 4139 1346 4192 Etmeal.
1364 4143 1460 4192 arud.

311 4209 421 4330 pff
435 4211 532 4262 adiecit
542 4213 568 4260 et
579 4207 684 4260 iterum:
698 4207 735 4258 lte
747 4207 773 4259 in
785 4206 873 4275 ignem
885 4213 1030 4271 aeternnm,
1043 4209 1088 4276 qui
1099 4213 1204 4276 paratus
1216 4215 1257 4259 est
1268 4207 1371 4260 diabolo
1383 4215 1409 4260 et
1420 4225 1462 4259 an·

387 4293 450 4330 erus.

310 4293 328 4345 g
376 4344 485 4462 daplrl'
498 4375 538 4461 -h
546 4345 566 4396 l.
579 4360 673 4414 aquam
685 4349 752 4396 terra
764 4345 802 4396 ed.
816 4343 910 4397 Bened.
963 4344 987 4398 2.
1001 4361 1033 4395 ex
1046 4345 1154 4396 materia
1166 4359 1233 4413 qnae
1244 4360 1260 4396 a
1271 4343 1319 4396 deo
1330 4343 1463 4396 fastaina-

310 4419 374 4462 rnte
394 4417 419 4466 n.
451 4411 546 4463 'men.

379 4479 440 4546 Gap.
453 4479 498 4532 xl.
512 4509 545 4518 -
558 4480 579 4530 l.
591 4480 617 4532 in
630 4479 896 4534 intercessissent.
909 4498 940 4532 ea
951 4485 1068 4534 auctorit.
1080 4483 1136 4532 cod.
1146 4481 1258 4534 Floreat.
1309 4480 1335 4532 2.
1347 4479 1397 4543 Qui
1406 4481 1462 4534 ideo

312 4551 379 4596 recte
391 4547 553 4613 incorporeus
567 4549 604 4600 ed.
619 4547 730 4600 Elnent.
