3100 4980
268 299 331 367 380

268 454 359 508 steriis.
378 453 434 509 Vid.
445 451 606 526 Epiphanius
617 451 716 508 haeres.
724 453 823 509 XXVI.
841 453 981 524 Augustin.
994 453 1093 507 haeres.
1103 453 1145 508 VI.
1162 451 1317 508 Philastrias
1334 453 1434 509 haum

267 521 374 576 LXXII.
398 523 570 576 oecumenius
587 523 613 576 in
630 524 768 594 epistolam
784 523 862 576 Iudae
880 539 935 592 cap.
945 522 965 575 I.
984 521 1046 575 (lod.
1058 521 1186 576 Theodos.
1202 524 1235 576 de
1252 521 1391 575 haereticis
1403 523 1431 576 L.

268 591 348 645 LXV.
362 591 534 644 Bcrhoiianca
546 609 591 644 eos
602 599 686 644 uocat.

317 659 468 725 Bouosiani‚
480 661 653 727 Montanitee]
670 661 833 712 Bonosiuncs
846 664 872 712 et
883 661 1042 712 Montanitas
1060 677 1113 714 nou
1129 660 1296 742 rebaptizari,
1313 659 1359 711 sed
1375 665 1434 729 post

268 729 441 781 abiectionem
472 730 526 781 ravi
538 735 564 780 et
575 729 765 782 confessionem
782 729 844 780 recti
862 729 991 796 dogmatis
1008 731 1065 781 sols
1081 745 1176 782 manus
1192 729 1360 798 rmpositicue
1376 745 1434 797 pur·

266 797 324 866 geri
335 797 442 849 tradunt
452 745 623 865 byscrusrr.
634 797 653 850 I.
666 813 679 849 e
698 798 776 850 istola
788 797 820 848 ad
832 797 999 849 victoricium
1011 798 1089 866 episc.
1102 803 1165 850 tom.
1177 795 1196 850 I.
1208 796 1307 850 Gcncil.
1319 797 1365 850 iol.
1375 795 1432 849 ait.

267 873 293 917 et
304 864 401 918 Gcncil.
413 867 562 918 Arelatenss
574 865 604 918 II.
617 881 673 936 cap.
711 865 765 918 VII.
788 863 939 918 Timotheus
951 867 1087 934 presbyter
1097 881 1172 929 vero,
1190 864 1233 917 lus
1247 865 1434 918 Graeco-liena

265 940 328 986 tem.
337 933 357 988 l.
370 934 414 988 iel.
424 933 483 987 378.
495 940 521 986 et
532 932 645 987 Thomas
657 933 689 986 de
697 933 800 1002 Aquino
810 939 874 1002 part.
885 933 909 987 3.
922 949 990 986 sum.
1000 940 1098 1002 quaest
1108 933 1200 986 LXVI.
1213 935 1313 986 articul.
1324 933 1372 985 tx.
1385 933 1434 985 Bo·

265 1003 388 1055 ncsiancs
401 1003 597 1055 etMontauitss
609 1003 745 1054 interillos
776 1007 866 1066 cnuut,
878 1003 923 1070 qui
934 1003 996 1054 rahe
1015 1003 1136 1056 tiaantur.
1165 1001 1272 1054 Illorum
1289 1003 1434 1054 sententiae

266 1071 365 1123 accedit
377 1070 519 1140 Gregorius
528 1071 642 1140 Magnus
655 1071 728 1140 epist.
741 1019 786 1124 lib.
796 1070 843 1122 IX.
856 1087 870 1122 e
888 1071 930 1122 ist.
940 1019 1014 1124 ixi
1022 1070 1054 1122 ad
1066 1069 1204 1133 Quirinum
1216 1071 1295 1140 episc.
1306 1071 1353 1122 ici.
1362 1070 1433 1123 1087.

266 1140 408 1203 Haeretici,
420 1144 464 1208 qai
473 1143 500 1191 iu
513 1144 637 1200 trinitatis
648 1143 744 1192 tremine
756 1143 855 1190 mirrime
867 1087 1038 1207 inpiiscutur,
1050 1144 1118 1190 sicut
1126 1148 1185 1190 suist
1196 1139 1340 1190 Bouosioai
1349 1148 1376 1190 ct
1386 1139 1434 1190 Cn·

268 1208 413 1278 tupirypae
424 1217 449 1261 ct
459 1209 508 1259 olii
519 1209 597 1271 tates,
616 1226 671 1260 carm
684 1209 847 1259 adstructam
859 1209 993 1260 ecclesium
1005 1208 1303 1278 seniaat„iaptiauutur,
1317 1211 1380 1278 poia
1391 1209 1434 1258 iu·

262 1281 380 1346 priamum
394 1279 513 1345 conficit,
532 1278 598 1346 qaod
607 1280 633 1327 iu
647 1293 735 1328 errore
742 1277 835 1344 positi,
851 1279 879 1327 iu
895 1283 1002 1327 sauctae
1020 1279 1145 1327 trinitatis
1156 1279 1253 1328 nomiae
1266 1279 1367 1328 minim
1376 1293 1434 1344 pcr-

266 1353 470 1479 eepelldddsisni]
486 1409 519 1466 Ili
531 1411 661 1466 Christum
674 1412 750 1464 deum
763 1428 796 1464 ex
808 1412 889 1532 patris
901 1411 1049 1464 substantia
1060 1417 1120 1464 aute
1132 1413 1220 1464 secula
1231 1429 1264 1464 ne
1320 1417 1343 1476 t,
1360 1413 1434 1464 illurn

178 1545 181 1550 Ι
265 1481 348 1534 filium
361 1481 402 1534 dei
414 1481 572 1551 adoptivum,
584 1497 637 1533 nou
649 1481 810 1550 prcpriuma
828 1487 952 1534 serentes.
964 1481 1093 1533 Honorius
1106 1479 1214 1533 haeresi.
1224 1479 1273 1533 LX
1297 1479 1342 1535 III.
1357 1481 1421 1534 luno

266 1551 366 1630 centius
378 1549 425 1602 PP.
441 1551 462 1602 l.
475 1549 549 1630 epist.
558 1549 621 1630 XX.
635 1549 668 1600 ad
679 1550 849 1630 Laurentium
864 1550 980 1619 episcop.
993 1556 1056 1604 tem.
1065 1548 1085 1601 I.
1098 1550 1189 1602 concii.
1198 1549 1244 1602 iol.
1254 1549 1314 1604 act.
1335 1509 1434 1619 (irogus.

266 1633 319 1670 rrus
331 1619 445 1688 Magnus
458 1624 533 1688 epist.
546 1618 590 1669 hb.
600 1617 646 1670 IX
659 1625 733 1687 eprst.
743 1617 812 1671 LXI.

315 1687 488 1753 Montanitae]
507 1685 602 1738 Dicunt
613 1687 734 1755 spiritum
746 1691 877 1750 sanctum,
890 1701 968 1754 quem
980 1687 1007 1737 in
1019 1685 1155 1755 euangelio
1168 1683 1287 1738 Christus
1299 1685 1433 1755 discipulis

265 1755 458 1836 suisprctmisit,
469 1756 496 1836 ip
508 1754 798 1836 MontanouettPrisciila
810 1754 946 1808 redditum.
965 1754 1075 1834 IVuptias
1085 1753 1231 1836 prohibent,
1245 1753 1314 1806 etde
1326 1753 1433 1834 infantis

265 1823 452 1946 :iiiiii
483 1821 1249 1962 tiiitttithiiitt.‘triticiiittttt
1262 1821 1433 1960 ’iiiiii

200 2069 203 2082 .
265 1958 580 2095 haeppnicpavopplwdffl
598 2027 719 2148 iphamm
729 2027 828 2084 haeres.
838 2027 930 2081 LXVI.
946 2027 1100 2080 Philastrius
1112 2026 1212 2082 haeres.
1222 2026 1292 2080 LXI.
1310 2027 1433 2096 Augusti·

265 2113 314 2149 nus
326 2096 357 2148 de
369 2095 468 2150 haeres.
481 2113 537 2166 cap.
587 2095 640 2149 AI.

314 2164 460 2217 Manichaei
480 2171 506 2217 et
527 2166 655 2232 Marcion]
683 2163 836 2218 Theodorus
854 2164 972 2218 Studitus
989 2165 1063 2236 epist.
1081 2165 1114 2217 ad
1132 2164 1334 2218 Naucraticuem
1350 2165 1433 2219 hlium

264 2239 327 2286 tom.
337 2233 355 2286 Ι.
368 2232 486 2286 biblioth.
502 2240 619 2304 patrum:
637 2233 810 2303 Baptizaatur
827 2231 1013 2296 Marcionitae,
1041 2233 1257 2300 I'rrscodruqitce,
1273 2233 1432 2295 Manichaei,

265 2311 290 2352 st
299 2321 363 2372 puae
372 2312 430 2352 eunt
441 2305 549 2354 ciusdem
560 2305 667 2356 ordiris.
685 2301 837 2354 Timotheus
849 2302 983 2372 presbyter
993 2303 1024 2354 de
1036 2301 1183 2354 differemia
1191 2318 1291 2366 eorum,
1304 2303 1350 2372 qui
1362 2317 1432 2354 accc·

265 2371 329 2422 dunt
341 2369 374 2422 ad
387 2371 414 2424 S.
427 2370 505 2422 iidem
517 2371 562 2425 iol.
573 2370 630 2424 931.
649 2370 693 2422 Ius
707 2369 928 2424 Graeco-Roman.
941 2370 1032 2424 tomi.
1045 2369 1090 2422 iol.
1099 2369 1158 2424 378.
1314 2416 1318 2430 ,

315 2437 387 2501 Quae
398 2439 449 2491 duo
463 2439 589 2510 principia
600 2440 651 2491 sibi
661 2440 753 2507 ignota
769 2439 948 2558 introducunt]
969 2439 1100 2490 Honorius
1118 2437 1150 2490 de
1165 2438 1265 2490 haeres.
1277 2439 1400 2491 dicaciam
1410 2448 1433 2490 et

265 2506 421 2559 Cerdouiaui
433 2510 480 2559 duo
489 2511 579 2576 princi
598 2512 624 2559 iu
637 2511 772 2559 ccrrtrcrict
784 2515 908 2560 usserunt.
946 2505 1106 2558 'heodoreius
1122 2507 1202 2558 subtil.
1220 2505 1344 2562 haeretic.
1358 2507 1401 2560 lib.
1414 2507 1431 2561 I.

263 2575 423 2646 Epiphanius
434 2575 533 2630 haeres.
543 2525 611 2628 XLI.
624 2581 650 2627 et
661 2575 740 2628 XLII.
758 2575 912 2627 Damascen.
924 2575 956 2626 de
968 2574 1066 2630 haeres.
1076 2575 1121 2629 iot.
1130 2573 1189 2628 578.
1206 2574 1361 2628 Philastrius
1373 2575 1432 2628 hsc-

263 2660 312 2698 res.
324 2644 416 2699 XLIV.
428 2649 454 2696 et
465 2643 544 2698 XLV.
562 2643 676 2698 Isidorus
687 2644 834 2713 Hispalens.
848 2645 913 2712 orig.
922 2643 967 2698 lib.
977 2643 1001 2696 8.
1013 2659 1070 2713 cap.
1080 2645 1110 2696 V.
1122 2643 1272 2696 Tertullian.
1281 2645 1430 2714 praescript.

264 2713 387 2766 adversm
400 2711 497 2765 haeret.
509 2728 566 2782 cap.
575 2712 616 2766 LI.
631 2712 754 2765 adversus
766 2712 927 2766 Marcionem
939 2713 983 2766 lih.
1000 2712 1021 2764 l.
1034 2727 1089 2781 cap.
1103 2712 1127 2766 2.

314 2781 448 2834 doncuria
459 2781 595 2850 priupria,
607 2789 637 2832 ut
648 2781 829 2848 Manichacus]
846 2779 974 2852 Epiphan.
987 2779 1087 2834 haeres.
1096 2779 1188 2834 LXVI.
1204 2779 1360 2835 Philastrius
1372 2781 1431 2834 hac·

262 2865 312 2904 res.
321 2849 390 2902 LXI.
408 2850 572 2920 Augustinus
584 2849 684 2902 haeres.
693 2849 786 2904 XLVI.

313 2919 374 2971 Tria
389 2923 416 2972 et
431 2918 553 2983 barbara,
570 2925 599 2972 ui
611 2917 751 2972 Sethianus
769 2923 795 2970 et
806 2915 978 2986 Theodosius]
1002 2916 1180 2972 Theodoretus
1192 2919 1238 2970 lib.
1247 2919 1267 2971 l.
1277 2919 1361 2974 fabul.
1372 2919 1430 2972 has·

261 2987 363 3040 reticar.

313 3055 361 3108 Vel
373 3056 468 3119 multa,
486 3060 516 3107 ut
531 3055 695 3122 Valentinus]
718 3054 835 3107 UbertIm
850 3055 1025 3107 Tertullianus
1042 3054 1166 3108 adversus
1183 3055 1390 3109 Valentinianos.
1405 3061 1431 3106 et

262 3123 307 3176 lib.
320 3123 341 3177 l.
356 3123 479 3176 Musteus
490 3124 614 3178 Marcion.
627 3139 682 3193 cap.
693 3123 723 3176 V.
735 3121 931 3192 Praescripticn.
944 3123 1044 3176 advers.
1056 3123 1152 3176 haeret.
1164 3137 1222 3194 cap.
1232 3123 1266 3176 33
1277 3125 1355 3176 ctae.
1372 3125 1393 3176 Ii
1411 3125 1430 3176 i·

262 3191 374 3314 phanius
391 3191 490 3246 haeres.
501 3191 603 3244 XXXI.
625 3191 778 3243 Philsstn'us
795 3190 895 3246 haeres.
904 3192 1053 3246 XXXVIII.
1073 3191 1225 3246 Timotheus
1240 3193 1377 3262 presbyter
1387 3141 1429 3245 iu.

280 3260 321 3313 31.
339 3259 501 3328 Augustinus
512 3258 613 3312 haeres.
625 3275 681 3329 cap.
690 3259 737 3313 XI.

314 3327 463 3396 Cerinthus]
476 3326 628 3380 Timotheus
637 3328 772 3397 presbyter
783 3327 828 3380 iol.
837 3327 896 3382 931.
917 3327 1090 3396 Baptisautur
1098 3327 1248 3390 Sabelliani,
1262 3329 1430 3390 Corinthiaci,

262 3397 454 3462 Maeandrium,
467 3397 600 3449 Ehicucsci.
617 3395 755 3449 Cerinthus
767 3402 854 3449 sutem
866 3395 997 3448 Christum
1009 3413 1042 3448 ex
1054 3397 1154 3449 semine
1165 3396 1222 3450 lose
1240 3397 1257 3449 h
1269 3403 1362 3450 natum
1393 3415 1430 3450 ro·

262 3467 349 3536 ponit,
368 3466 499 3518 hominem
516 3466 589 3518 illum
606 3465 787 3518 tantummodo
804 3465 860 3516 siue
877 3461 1012 3517 diuinitate
1029 3465 1197 3519 contendens.
1217 3415 1340 3519 iienaeus
1352 3415 1398 3520 lii.
1413 3465 1429 3518 I.
1532 3533 1533 3538 Ἰ

263 3543 319 3604 cap.
333 3533 418 3586 XXV.
430 3534 568 3602 Angustia.
581 3532 680 3586 haeres.
691 3533 758 3587 VIII.
771 3532 932 3653 Epiphanius
944 3531 1043 3588 haeres.
1053 3533 1175 3588 XXVIII.
1192 3535 1345 3590 Tertullisu.
1358 3551 1430 3606 prae·
1532 3557 1533 3570 π

263 3602 395 3722 scription.
409 3603 530 3654 adsersus
542 3601 639 3654 haeret.
652 3617 708 3671 cap.
718 3602 788 3655 XLV
826 3641 832 3654 .

334 3669 451 3736 hctinus]
468 3671 492 3722 Is
500 3670 637 3723 Christum
649 3670 829 3722 tautummodo
842 3670 974 3723 homiuem
985 3669 1132 3724 solitarium
1149 3671 1258 3733 eriserit,
1276 3673 1320 3724 cui
1356 3673 1430 3724 rinei·
1532 3647 1533 3716 i

262 3739 336 3858 pium
347 3738 471 3792 adscribit
482 3755 515 3791 ex
528 3740 619 3792 Maria.
638 3739 789 3791 VincentIns
801 3737 943 3791 Lirinensis
956 3745 1047 3792 contra
1058 3737 1157 3792 haeres.
1170 3757 1225 3810 cap.
1236 3739 1307 3794 XVI.
1394 3742 1430 3792 'os

286 3808 410 3860 icteriuus
427 3807 490 3859 Ater
507 3807 630 3860 maerens
647 3807 752 3859 Arrium
767 3808 811 3859 lib.
825 3807 846 3861 1.
864 3806 977 3862 tolasu.
987 3807 1045 3860 294.
1068 3807 1222 3878 Fulgentius
1234 3807 1267 3860 ad
1278 3809 1429 3862 Trasimun-

263 3875 325 3928 dum
337 3875 437 3956 Regem
449 3875 493 3928 lih.
505 3876 527 3930 l.
539 3876 584 3956 ipl.
595 3875 635 3928 37.
658 3876 797 3944 Angustia.
810 3875 842 3927 de
854 3873 953 3930 haeres.
968 3892 1024 3945 cap.
1033 3876 1124 3929 XLIV.
1137 3877 1190 3929 Leo
1201 3877 1250 3929 PP.
1263 3878 1283 3929 I.
1297 3891 1376 3932 serm.
1388 3877 1429 3930 IV.

263 3944 294 4000 dc
307 3943 440 4024 liahmtat.
453 3945 558 3996 Domim
570 3943 648 4014 pit.
670 3943 768 4029 Ituffiu.
780 3945 808 4024 in
820 3945 984 4064 expositione
997 3945 1110 4064 spmholi
1121 3945 1166 3998 iol.
1176 3945 1217 3999 87.
1251 3945 1350 4026 'ugilius
1364 3947 1430 4026 Mer·

262 4019 303 4133 ihr
315 4013 359 4132 ll
372 4011 846 4133 hitiitiiiii.iiiiii.
856 4013 1015 4133 titii.
1026 4011 1069 4134 ii
1079 4012 1239 4134 iiiiii·
1251 4013 1429 4134 fiffiimiiii

261 4097 477 4270 lvapiriuilppcris.
483 4123 567 4202 LXV.
584 4124 733 4202 Theodotus
746 4097 864 4218 Aircyibe
876 4123 987 4220 episcop.
1000 4150 1027 4201 in
1039 4097 1109 4202 Adiis
1122 4121 1219 4204 (leucii.
1227 4099 1357 4222 'uplii'sin't
1366 4157 1428 4203 tour.

223 4320 226 4335 .
299 4231 452 4365 'blitiri
469 4315 501 4324 —
519 4285 639 4349 Quotidie
656 4285 1061 4366 Eucharistiaeccmmuuicnem
1078 4288 1222 4368 percipere]
1253 4287 1282 4339 In
1299 4281 1429 4356 primitiis

263 4353 378 4416 ecclesia,
391 4369 450 4406 cum
463 4371 560 4422 magna
572 4354 654 4408 adhuc
665 4355 772 4422 urgebat
782 4354 843 4407 fider
855 4354 969 4419 (levabo,
985 4355 1076 4408 fideles
1106 4357 1204 4410 uchdie
1216 4357 1428 4418 communicasse,

263 4425 354 4498 notum
366 4435 399 4470 ex
412 4421 518 4473 Actibus
531 4424 716 4491 apostolorum,
728 4429 754 4474 et
765 4423 876 4492 epistola
887 4423 1009 4476 decretali
1021 4373 1138 4476 Anacieti
1150 4425 1237 4496 Papae
1248 4430 1312 4478 tour.
1322 4425 1341 4476 I.
1362 4423 1427 4476 Gen·

264 4485 305 4536 cri.
323 4486 368 4538 iol.
380 4486 421 4537 56.
439 4489 536 4541 MansIt
553 4505 585 4540 ea
602 4489 762 4542 consuetudo
780 4505 863 4560 usque
881 4491 913 4542 ad
931 4497 1044 4545 aetatem
1061 4492 1185 4562 Cypriani
1205 4501 1231 4545 et
1245 4493 1386 4562 Augustini
1401 4493 1428 4544 in

264 4550 362 4615 Africa,
374 4553 522 4620 Mediolani,
534 4555 641 4621 Itomae,
653 4563 679 4609 et
689 4558 717 4610 iu
728 4557 865 4628 Hispania,
883 4575 965 4630 usque
977 4561 1011 4616 ad
1023 4562 1153 4616 Ambrosii
1165 4569 1190 4616 et
1201 4561 1352 4634 hieronymi
1364 4567 1427 4614 teur-
