3120 4994
392 1161 613 1253 rsrnenr
643 1105 1021 1252 ursrnnnusrs

326 1353 528 1422 ORIGINUM
549 1352 658 1420 LIBRI
672 1353 753 1420 VIII.
777 1349 924 1422 CAPITA
940 1353 976 1418 V.
991 1375 1030 1421 nr
1045 1353 1096 1418 Vl.

423 1738 488 1796 CAP·
502 1737 530 1779 V.
553 1737 594 1778 DE
610 1735 796 1780 mansurus
811 1733 999 1782 monuonmu.

196 1871 225 1934 1.
245 1869 353 1936 ludaei
368 1871 564 1938 eeulesseree
577 1872 829 1956 interpretantur.
852 1867 965 1934 Multus
982 1867 1067 1936 enim
1081 1867 1171 1936 exiis
1183 1867 1288 1954 sequi·

126 1979 183 2038 tur
197 1973 361 2056 consessio,
376 1994 453 2058 ques
468 1979 562 2038 antea
574 1973 705 2058 perfidia
717 1971 907 2058 possidebat.
950 2006 970 2064 .'

194 2077 224 2140 2.
246 2075 381 2142 Hebraei
395 2077 580 2142 transitores
595 2075 750 2145 dicuntur.
781 2075 847 2153 Quo
863 2076 987 2140 nomine
1009 2073 1234 2158 admonentur,
1255 2079 1292 2156 nt

128 2178 170 2246 ua
189 2178 350 2265 peioribus
370 2179 411 2244 ad
429 2179 560 2248 meliora
577 2185 739 2246 transeant
753 2184 785 2242 et
799 2177 949 2264 pristinos
963 2197 1083 2244 errores
1101 2177 1289 2264 relinquunt

194 2282 224 2352 3,
246 2281 408 2348 Phansaei
425 2288 456 2348 et
470 2279 623 2350 Sadueeei
644 2283 780 2348 interae
802 2279 950 2348 contrarii
965 2286 1047 2346 sunt
1084 2280 1167 2347 Nam
1179 2279 1289 2346 Phari·

128 2387 198 2452 saei
212 2405 252 2450 eu
264 2385 408 2452 Hebraeo
423 2385 458 2449 in
471 2385 617 2450 latinum
637 2385 884 2469 interpretantur
903 2383 1012 2466 divisi,
1034 2405 1071 2450 ee
1091 2383 1174 2468 qued
1192 2382 1289 2451 ἐῖαᾶὶ-

128 2491 253 2554 lienum
268 2487 590 2570 etobservationum,
610 2507 687 2571 quas
708 2487 755 2552 illi
778 2475 970 2576 δευτερώσεις
987 2491 1117 2568 uncant,
1139 2488 1292 2554 iustitiam

129 2591 321 2674 praeferunt.
345 2588 436 2656 Unde
452 2594 484 2652 et
498 2588 592 2656 divisi
606 2595 757 2656 vocantur
772 2611 792 2654 a
805 2587 936 2674 popule,
952 2589 1043 2674 quasi
1055 2609 1113 2674 per
1127 2588 1289 2654 iustitiam.

194 2693 225 2756 4.
248 2691 401 2758 Sadueaei
419 2695 663 2778 interpretantur
677 2694 763 2759 iusti.
783 2690 954 2758 vindicant
966 2693 1050 2758 enim
1061 2692 1122 2758 silri
1134 2690 1217 2776 qnod
1228 2712 1291 2756 non

130 2801 222 2876 sunt,
242 2798 381 2881 eorporis
396 2795 656 2862 resurrectionem
669 2801 800 2878 negant,
820 2799 852 2860 et
872 2795 1010 2858 animam
1023 2796 1152 2860 interire
1166 2792 1291 2880 praeui-

131 2904 208 2964 cant
223 2919 295 2962 eum
310 2919 447 2985 serpere.
479 2898 521 2962 lli
537 2899 673 2983 quinque
688 2904 811 2962 tantum
825 2895 922 2964 libres
936 2895 1014 2980 legis
1028 2899 1199 2984 renuent,
1218 2918 1290 2983 pro-

130 3000 299 3086 phetarum
312 3001 462 3066 vaticinia
475 3007 635 3086 respuunt.

191 3103 226 3168 -5,
248 3103 360 3170 Esseni
376 3104 486 3188 dicunt
503 3107 607 3189 ipsum
627 3123 696 3168 esse
712 3103 871 3171 Christum
892 3105 946 3188 qni
961 3102 1069 3170 decuit
1080 3101 1155 3170 illes
1167 3123 1291 3172 emnem

130 3206 365 3274 abstinentiam.
1021 3229 1025 3236 ·

196 3311 226 3374 6.
248 3309 423 3376 llasbothei
444 3309 553 3374 dieunt
575 3311 681 3396 ipsum
701 3329 770 3376 ease
792 3308 950 3376 Christum
970 3311 1025 3394 qni
1046 3309 1152 3376 cluent
1169 3308 1242 3377 illus
1257 3311 1293 3376 iu

130 3413 219 3480 omni
233 3433 266 3476 re
282 3413 485 3478 sabbatizare.
1227 3475 1232 3482 .

197 3515 225 3578 7.
250 3517 396 3581 (lanistae
413 3514 489 3580 dicti
503 3535 539 3579 ee
555 3514 639 3598 quod
654 3512 693 3578 de
708 3535 820 3598 genere
831 3513 975 3580 Abrahae
988 3533 1057 3580 esse
1068 3534 1102 3579 se
1113 3513 1291 3598 gloriantur.

129 3615 214 3682 Nam
229 3637 300 3682 eum
314 3620 348 3682 in
362 3617 567 3700 Babyloniam
581 3618 722 3684 venarer
734 3615 867 3702 populus
882 3615 943 3699 dei,
957 3615 1102 3702 plerique
1112 3616 1292 3702 relinquen·

131 3727 182 3784 tes
196 3741 309 3786 uxeres
324 3741 397 3784 suns
408 3719 608 3803 Babylonieis
620 3719 803 3786 mulieribus
815 3719 1034 3801 adhaeserunt,
1049 3719 1177 3804 quidam
1187 3727 1293 3786 antem

130 3821 313 3888 lsrauuuais
327 3829 452 3890 tantum
467 3825 619 3906 coniugiis
632 3825 782 3905 uertenti,
797 3822 848 3888 vel
860 3843 898 3888 ex
910 3825 955 3888 eis
966 3825 1075 3907 geniti,
1090 3823 1165 3888 dum
1176 3823 1293 3887 reversi

131 3931 241 3990 essent
256 3923 294 3988 de
309 3925 497 4008 Babylonia,
516 3925 691 3992 diuiserunt
709 3945 743 3990 se
763 3925 803 3990 ab
824 3927 909 3990 omni
928 3924 1041 4012 populo
1062 3931 1096 3988 et
1112 3943 1292 4011 assumpse-

133 4033 208 4092 runt
221 4028 283 4092 sibi
297 4025 356 4092 hoe
371 4047 486 4092 nomen
500 4030 676 4092 iactantiae.

199 4129 227 4194 8.
251 4129 397 4194 Meristae
413 4129 560 4216 appellati
576 4150 612 4194 ee
629 4129 873 4215 quodseparant
887 4132 1069 4216 scripturas,
1082 4149 1146 4196 non
1162 4129 1292 4196 creden·

134 4239 184 4298 tes
198 4231 343 4298 omnibus
358 4232 535 4318 prophetis,
558 4233 698 4299 dieentes
718 4233 787 4298 aliis
810 4239 843 4298 et
860 4233 931 4298 aliis
950 4233 1112 4319 ¹spiritibus
1131 4233 1200 4300 illes
1219 4253 1291 4320 pre·

133 4335 290 4420 phetasse.
312 4333 411 4425 Μέρος
425 4339 510 4402 enirn
525 4337 641 4402 Graece
654 4335 755 4422 partie
771 4335 894 4402 dieitur.

197 4439 227 4502 9.
251 4437 423 4504 Samaritae
438 4439 515 4506 dieti
529 4437 613 4524 quod
626 4437 728 4522 legem
742 4437 842 4506 selam
856 4437 1042 4505 custodiant.
1064 4437 1145 4504 Nam
1159 4439 1292 4526 prephe-

133 4547 181 4604 tas
197 4547 358 4628 respuunt.
