3100 4980
257 285 320 354 384

308 436 469 504 Laclantius]
486 437 542 492 Lib.
553 437 607 492 VH.
620 453 677 509 cap.
687 436 785 494 XXIV.
798 443 825 492 et
835 436 933 492 XXVI.
945 437 973 492 in
984 436 1104 508 Epitome
1117 452 1173 507 cap.
1183 435 1209 492 8.

309 505 383 560 Sicut
394 505 481 576 Nepos
493 505 592 574 docuit]
610 505 696 576 Nepos
708 506 809 560 iudaico
827 507 960 560 intellectu
975 505 1007 558 de
1024 503 1119 560 futuris
1136 504 1354 576 promissionibus
1365 522 1436 558 sen·
1541 569 1542 574 Ἰ

257 575 347 640 tiebat,
359 590 453 644 easque
466 575 633 644 corporaliter
645 574 805 630 exhibendas
817 575 940 638 docebat3
952 581 979 627 et
989 575 1060 628 mille
1072 575 1148 628 anuis
1160 575 1186 630 in
1196 573 1293 628 doliolis
1302 589 1437 654 corpora-

256 643 325 696 libus
338 643 365 694 in
377 641 425 696 hac
437 649 506 696 terra
517 651 622 698 sanctos
633 650 786 712 regnaturos
798 660 855 696 esse
867 660 927 696 cum
940 641 1050 698 Christo.
1078 643 1207 696 Eusebius
1223 643 1314 696 eccles.
1332 640 1436 696 histor.

257 712 301 764 lib.
312 711 366 766 VII.
380 727 411 764 ca
431 711 534 766 ‚XXII
552 711 728 766 Theodoretus
737 712 818 768 labnl.
827 711 923 766 haeret.
937 711 981 766 lib.
990 709 1014 764 3.
1027 710 1187 782 Nicephorus
1197 709 1318 765 Callistus
1332 711 1435 764 eccles.

257 779 347 860 histor.
364 780 408 833 lib.
440 779 460 835 I.
488 781 663 851 Hieronymus
686 781 717 834 de
734 781 796 834 viris
817 781 937 834 illustrib.
954 781 981 834 iu
998 779 1123 850 Dionysio
1140 779 1334 834 Alexandrinae
1353 779 1434 832 urbis

257 863 446 986 apragpppm
459 947 494 958 -
509 915 757 972 Nullumcredimns
769 917 925 972 adsalutem
941 917 994 970 nisi
1004 916 1052 970 deo
1063 917 1190 970 invitante
1202 915 1299 984 rauhe]
1326 915 1436 970 Contra

256 984 420 1054 Pelagianos,
433 987 477 1054 qui
488 985 616 1040 docebant
627 988 783 1056 principium
794 987 857 1040 boni
869 986 953 1108 operis
965 1003 1022 1041 esse
1034 986 1062 1038 in
1070 985 1155 1050 nobis,
1167 985 1213 1038 sed
1222 985 1435 1038 consummatio-
1542 987 1543 994 ’

257 1070 318 1106 uem
335 1071 369 1106 ex
386 1053 443 1108 deo.
464 1055 603 1124 Augustis.
621 1055 654 1108 ad
670 1055 783 1108 Vitalem
799 1055 874 1125 epist.
908 1054 960 1106 VII.
978 1055 1010 1106 ad
1028 1053 1134 1108 Sirium
1150 1055 1263 1176 presbp.
1282 1071 1296 1106 e
1315 1053 1362 1107 ist.
1373 1051 1434 1106 CV.

257 1129 347 1176 couno
358 1122 509 1207 duasepist.
520 1123 653 1203 I’elagiau.
664 1125 708 1178 lib.
720 1123 752 1177 II.
764 1140 820 1193 cap.
830 1124 860 1176 V.
871 1123 902 1176 da
911 1122 1009 1192 Spiritu
1021 1130 1048 1175 et
1059 1121 1156 1176 Littera
1164 1139 1221 1202 cap.
1243 1123 1252 1136 '
1301 1189 1307 1206 ‚
1339 1121 1358 1174 '.
1371 1121 1435 1174 Ori-

257 1187 1435 1328 “ltlitbttlllptttl·J·..llt‘lbttlttllbtttlltltlltffl

258 1275 333 1408 ddrst
342 1327 384 1380 IV.
392 1299 429 1380 ‘de
440 1327 623 1398 praedestinat.
642 1329 674 1380 ad
715 1279 833 1385 cmddum
849 1278 894 1382 db.
906 1327 928 1382 l.
944 1327 1092 1382 Bernardus
1108 1277 1197 1382 hohas
1210 1327 1435 1408 Claraeuallensis

259 1397 370 1465 epistola
382 1395 521 1450 ccxxiv.
538 1397 569 1450 de
585 1397 662 1450 ruodo
681 1398 745 1450 bene
761 1397 865 1452 nsandi
880 1414 958 1451 serm.
968 1395 993 1450 3.
1022 1395 1136 1450 Thomas
1149 1396 1179 1448 de
1191 1397 1293 1466 Aquino
1304 1412 1334 1448 m
1346 1402 1434 1465 epist

257 1463 333 1518 Pauli
344 1464 376 1518 ad
387 1463 481 1534 Ephes.
493 1481 548 1535 cap.
558 1465 577 1518 Ι.
590 1466 700 1518 lectione
712 1465 732 1518 I.
745 1472 770 1518 et
782 1467 809 1520 in
821 1465 966 1528 Quodlibet.
978 1464 998 1518 I.
1011 1466 1111 1518 articul.
1122 1463 1175 1518 VII.

308 1532 415 1613 Nullum
427 1533 469 1586 dei
479 1534 706 1654 voluntataparira
714 1534 761 1588 sed
770 1551 815 1604 per
824 1535 951 1616 seipsum]
966 1533 1094 1617 Eusebius
1103 1534 1131 1586 in
1140 1533 1243 1616 apolog.
1252 1549 1298 1614 pro
1307 1531 1435 1602 Origene

258 1601 327 1670 apud
339 1600 410 1671 Orrg.
422 1601 515 1656 lomb
528 1601 573 1656 tol.
582 1601 615 1654 dh
634 1643 640 1654 .
659 1602 810 1655 Habeodam
826 1611 863 1656 est
875 1622 902 1654 su
919 1604 1101 1654 ecciesiasticis
1112 1602 1341 1664 obseruationibus,
1362 1603 1436 1669 quod

258 1688 335 1740 aeque
347 1669 472 1722 homiuum
483 1674 538 1739 paca
550 1691 567 1722 a
580 1673 625 1722 deo
635 1676 664 1722 ia
671 1673 840 1740 perditionem
853 1673 964 1724 traditae
975 1682 1022 1734 eat,
1034 1673 1080 1722 aed
1089 1675 1255 1740 asiasqaisqne
1262 1673 1434 1739 peccantias·

258 1757 306 1792 nro
319 1739 472 1821 ueqiiqcflatia
479 1748 574 1821 pereat
584 1750 609 1792 et
619 1741 708 1820 cubio,
726 1744 769 1820 pai
778 1739 875 1820 haberis
887 1741 992 1819 arbitrri
1003 1739 1143 1818 libertatem
1155 1740 1248 1806 elipere
1290 1739 1324 1790 od
1335 1739 1434 1791 donau

259 1806 1185 1945 alcatltztttfltlnlllllttotlitlllll.I.⁰5,¹.³.bl¹l.²;
1198 1805 1434 1944 idunilhdssis

259 1961 289 1996 ea
299 1962 327 1996 se
334 1947 436 2012 patitur
452 1945 499 1997 hoc
515 1946 581 2013 qaod
591 1947 670 2013 perit.
694 1945 838 2000 Concilium
849 1944 1038 1998 Arausicanum
1049 1943 1080 1996 II.
1098 1959 1155 2014 cap.
1164 1943 1251 1998 XXV.
1269 1943 1382 2012 Aliquos
1393 1945 1436 1996 od
1542 1989 1543 1998 .

258 2014 350 2064 malam
363 2014 452 2064 divina
460 2023 584 2081 potestate
592 2015 800 2081 praedestinatos
812 2031 872 2076 esse,
884 2031 933 2065 stoa
943 2014 1022 2064 aelam
1034 2031 1082 2065 aon
1094 2014 1232 2075 crediours,
1249 2013 1297 2064 ced
1311 2016 1394 2064 εαάιιι
1406 2016 1434 2062 ci

258 2092 323 2144 aaut,
335 2083 378 2202 ppei
389 2090 485 2200 tanplpm
493 2083 705 2202 prugumarctpegpre
716 2083 868 2203 cplipgiscapr
880 2079 1348 2202 ‘m'‘didhoemdddefhnhhhffmoffss
1361 2082 1432 2199 difici-

259 2165 321 2202 ricae.
364 2164 433 2217 ugrus
455 2166 480 2202 u.
510 2167 561 2204 a.
629 2165 643 2202 c
673 2166 729 2202 osr
748 2167 757 2202 r
820 2165 1072 2204 cumosicum
1104 2166 1167 2204 .o.
1194 2157 1200 2173 ⁵
1229 2188 1235 2200 .
1301 2167 1419 2200 niano

258 2221 350 2269 minum
362 2221 423 2269 deas
435 2227 536 2270 ematur
547 2228 595 2282 est,
611 2220 657 2270 aed
672 2236 741 2270 aerim
758 2221 814 2272 ideo
831 2167 933 2270 crecIIrw
944 2235 981 2270 esc
991 2229 1019 2270 ut
1025 2229 1129 2286 pereat,
1147 2222 1207 2286 quio
1225 2219 1280 2270 aiio
1293 2235 1379 2270 causer
1392 2226 1434 2270 esi

258 2287 394 2348 nascendi,
411 2288 468 2339 alia
479 2289 613 2357 pereundi.
646 2285 680 2338 Ut
695 2291 759 2340 euim
776 2296 918 2346 uaacaunlr
929 2286 1039 2340 homiues
1051 2297 1089 2338 eet
1099 2288 1255 2354 beneficiam,
1271 2295 1432 2353 depereant,

277 2358 480 2406 meeurieaton's
492 2365 529 2408 est
539 2359 634 2409 critiam.
653 2354 691 2406 De
702 2361 867 2424 peccatorum
878 2354 977 2408 maritis
990 2360 1016 2406 et
1025 2354 1172 2408 remissiou.
1188 2361 1279 2406 contra
1288 2352 1431 2422 Pelagian.

255 2373 302 2476 ho.
312 2421 336 2477 2.
348 2438 379 2476 ca
398 2421 495 2476 .xvlt
506 2422 535 2476 In
545 2422 685 2478 enchiridio
694 2423 728 2476 ad
735 2423 857 2477 Laurenl.
866 2439 922 2492 cap.
933 2421 996 2478 CIII.
1014 2423 1166 2476 Ambrosius
1178 2421 1210 2474 de
1220 2421 1293 2476 Isaac
1301 2428 1326 2474 et
1335 2423 1432 2474 anim

258 2507 280 2545 c.
291 2490 344 2544 VII.
402 2497 495 2560 rysost.
508 2491 736 2561 decompunctIon.
748 2492 833 2544 cordis
844 2491 890 2545 lol.
900 2489 958 2546 495.
967 2491 1080 2544 Faustus
1092 2491 1123 2546 da
1135 2491 1215 2544 libero
1228 2491 1332 2544 arbitrio
1343 2490 1392 2545 lib.
1406 2491 1431 2542 I.

257 2575 314 2628 cap.
326 2559 400 2612 XIX.
412 2560 457 2614 lib.
467 2560 491 2612 2.
503 2575 558 2630 cap.
569 2559 587 2611 1.
600 2566 626 2612 at
637 2567 755 2630 sequent.
784 2560 937 2628 Fulgentius
949 2559 981 2612 de
993 2559 1090 2629 duplici
1101 2559 1282 2628 praedestinat.
1294 2557 1326 2610 ad
1338 2559 1430 2612 Moni-

257 2643 330 2682 mum
341 2627 385 2680 lib.
398 2628 420 2682 I.
431 2627 475 2682 iol.
486 2627 540 2680 VII.
549 2627 615 2680 VIII.
626 2627 673 2681 XI.
691 2634 716 2681 et
726 2635 844 2710 sequent.
872 2627 1021 2696 Hieronpnn.
1039 2629 1067 2682 in
1082 2625 1207 2682 Ezechiel.
1223 2628 1268 2681 lib.
1277 2625 1297 2682 I.
1313 2643 1373 2696 cap.
1383 2626 1430 2680 III

223 2727 227 2739 .
257 2697 340 2750 llutos
351 2695 420 2766 hypo
441 2703 509 2751 nost.
521 2697 629 2750 articulo
638 2697 680 2750 VI.
692 2697 737 2750 lol.
746 2697 804 2750 909.
816 2702 843 2750 et
854 2703 973 2765 sequent.
989 2695 1168 2750 Damascenus
1178 2693 1208 2748 de
1217 2695 1269 2748 lide
1278 2695 1431 2749 orthodoxa

257 2765 303 2818 lib.
314 2764 344 2818 II.
357 2781 413 2834 cap.
422 2712 511 2818 IIXX.
524 2765 567 2817 lib.
578 2765 621 2820 IV.
634 2782 665 2818 ca
685 2765 763 2820 .XX.
775 2772 802 2818 et
812 2765 898 2818 XXII.
920 2765 1083 2822 Multimodis
1101 2765 1182 2834 igitur
1197 2763 1349 2816 detestanda
1362 2762 1429 2816 hae·

257 2833 331 2954 pasis,
343 2849 411 2954 quap
420 2834 501 2952 pmpia
512 2833 782 2954 upritptp‘praesurppp
790 2849 918 2954 psscrpre,
931 2835 997 2902 qaod
1007 2835 1068 2886 deus
1079 2837 1199 2886 maiorem
1206 2844 1310 2902 partem
1319 2838 1430 2900 penem

276 2919 390 2954 amariae
438 2920 467 2954 00
480 2919 537 2954 cm
567 2922 582 2954 ii
604 2922 613 2954 i
635 2921 676 2954 om
706 2921 734 2954 er
803 2921 862 2954 liae
872 2921 966 2954 ermim-

309 2969 372 3039 Oap.
384 2969 460 3024 LVII.
472 3001 505 3010 —
520 2939 621 3024 bialum
636 2921 794 3024 nathaliae
808 2987 861 3024 non
877 2975 918 3024 aet
934 2986 951 3022 a
966 2969 1014 3022 deo
1026 2969 1121 3039 orsam]
1140 2969 1261 3024 Ambrae.
1273 2967 1428 3022 hexaemer.

258 3039 302 3090 lib.
318 3039 338 3091 I.
351 3053 407 3108 cap.
416 3037 483 3092 VIII.
496 3038 540 3091 lol.
552 3037 591 3093 12.
608 3039 715 3092 bladon
727 3057 757 3090 ec
768 3039 838 3094 sachis
849 3049 915 3102 orto,
928 3057 977 3092 aaa
988 3058 1004 3090 o
1018 3040 1064 3092 deo
1076 3047 1191 3092 creatore
1204 3039 1315 3102 condito,
1326 3057 1429 3090 suorum

259 3109 360 3158 levitate
370 3117 520 3174 perscruter,
538 3125 586 3160 aaa
597 3107 675 3158 saliam
693 3116 831 3160 creaturae
847 3105 942 3160 hodesca
954 3111 1180 3176 pronepotieam,
1199 3125 1243 3159 aec
1261 3109 1427 3160 autodtatens

257 3175 413 3228 ubstantiae
425 3176 560 3237 naturalia,
571 3177 617 3227 ced
627 3175 804 3228 cantabilitotia
815 3179 909 3238 citiam,
922 3184 946 3228 et
956 3193 1067 3227 errorem
1074 3177 1259 3244 prolapsionis.
1288 3173 1348 3226 aba
1357 3179 1426 3226 euius

258 3247 312 3296 aito
324 3252 426 3296 mortem
436 3251 552 3311 penerel,
565 3261 610 3296 nec
622 3245 665 3294 lua
677 3245 801 3296 tenebras.
818 3243 883 3296 Vide
894 3241 1023 3296 Iustinum
1034 3243 1177 3312 Martyron
1207 3248 1290 3296 uaest
1301 3241 1428 3296 LXXIII.

258 3311 293 3364 ad
304 3309 439 3366 orthodox.
451 3311 600 3380 Hieroupm.
612 3311 736 3364 adversus
749 3329 828 3365 error.
841 3310 966 3364 Iovinian.
978 3313 1022 3364 lib.
1034 3313 1056 3364 l.
1066 3328 1122 3381 cap.
1131 3260 1213 3366 XVII.
1264 3311 1273 3363 i
1292 3309 1351 3364 hau.
1361 3328 1427 3364 con-

258 3387 299 3432 tra
311 3379 497 3442 Basilidianca,
506 3379 605 3436 haeres.
614 3379 712 3433 XXIV.
723 3379 830 3450 Gregor.
842 3379 992 3448 Nyssannm
1000 3385 1074 3432 tract.
1084 3379 1108 3434 2.
1120 3379 1148 3432 iu
1156 3379 1226 3434 PsaI.
1236 3328 1300 3433 duh.
1317 3377 1348 3432 Iu
1358 3387 1427 3433 orat.

258 3446 383 3502 catechet.
395 3465 452 3530 cap.
461 3449 491 3500 V.
509 3447 597 3503 Eaust.
614 3447 646 3500 de
662 3449 743 3502 libero
761 3449 850 3502 arbitr.
866 3449 910 3501 lib.
923 3449 944 3502 l.
957 3463 1013 3517 cap.
1025 3447 1044 3503 1.
1062 3448 1216 3502 Damascos.
1233 3454 1325 3502 contra
1335 3448 1427 3500 Moni-

259 3517 351 3570 claecc
382 3557 388 3568 .
401 3517 458 3570 Iol.
476 3515 710 3572 achonitarum
722 3517 753 3570 de
765 3533 877 3572 sermon.
890 3518 1039 3586 proprietat.
1051 3517 1095 3570 lib.
1108 3515 1152 3572 lv.
1166 3533 1223 3587 cap.
1232 3515 1268 3570 X.
1281 3517 1426 3586 Angustia.

258 3589 349 3638 contra
360 3533 451 3638 Iulian.
462 3583 597 3654 Pelagian.
609 3585 654 3638 lib.
667 3585 686 3638 1.
698 3601 754 3655 cap.
764 3584 806 3638 III.
819 3585 846 3641 in
876 3586 1003 3640 uaestinn.
1016 3585 1049 3638 ad
1057 3585 1180 3639 Orosium
1189 3593 1253 3639 tom.
1265 3583 1308 3640 IV.
1320 3585 1426 3646 cxvr.

257 3652 363 3708 Petrum
374 3651 550 3706 bombardum
563 3659 673 3706 sentent.
685 3654 729 3707 lib.
738 3653 781 3706 IV.
793 3670 850 3723 cap.
858 3601 972 3708 IIXXV.

308 3721 434 3775 Diabolus
446 3722 530 3774 bonus
543 3739 559 3774 a
570 3721 619 3776 deo
631 3721 760 3788 conditus]
779 3722 875 3776 Contra
884 3721 1107 3788 Priscilliauistas,
1124 3722 1240 3776 dicanlm
1257 3723 1324 3791 quod
1334 3723 1425 3774 diabo-

259 3791 297 3844 las
309 3794 523 3860 nataquomfuerut
534 3791 618 3854 honus,
630 3807 676 3842 aec
688 3800 783 3844 cantora
796 3795 849 3842 eina
860 3793 988 3860 opificium
999 3793 1042 3844 dei
1052 3795 1097 3854 sit,
1110 3793 1156 3844 aed
1167 3809 1220 3844 mm
1232 3808 1263 3842 aa
1275 3789 1341 3843 choo
1353 3800 1379 3842 ei
1388 3801 1425 3844 te-

259 3860 343 3912 nebris
355 3863 495 3923 emersisse,
510 3861 610 3912 scilicet
624 3863 685 3928 puio
703 3860 796 3910 nulium
811 3863 852 3910 cui
863 3859 958 3912 habeat
969 3870 1093 3922 autorem,
1105 3861 1151 3912 aed
1162 3863 1241 3912 amram
1250 3859 1314 3910 mab
1324 3862 1379 3927 ipae
1390 3863 1426 3912 ait

255 3932 413 3996 princapium
425 3937 454 3978 ot
486 3928 660 4007 condolentia.
679 3925 731 3980 Leo
742 3925 790 4006 PI'.
803 3927 824 3978 l.
837 3941 850 3979 a
870 3927 912 3978 ist.
922 3925 991 3982 XCI.
1008 3926 1049 4007 ad·
1058 3927 1185 4007 Turbirrm
1196 3927 1356 3980 asturicens.
1368 3927 1424 3996 epi-

258 3994 1425 4133 alleluiatica.titubant}mauultl.“tm

259 4135 291 4184 iis
303 4153 319 4184 α
333 4134 374 4184 die
386 4135 536 4184 cuccditionia
547 4151 617 4195 auae,
630 4151 646 4184 a
659 4134 704 4184 dec
716 4136 743 4183 iu
755 4134 842 4184 bonum
854 4134 976 4195 corrdituc,
989 4143 1016 4184 at
1026 4153 1044 4184 u
1087 4151 1117 4184 no
1127 4133 1256 4186 conditore
1264 4135 1423 4200 invitupera-

259 4202 344 4252 biliam
356 4203 531 4264 conditionum,
549 4201 701 4254 eleucadius
717 4205 784 4254 omrai
798 4202 885 4268 plocio
903 4201 1035 4268 cupediae,
1053 4209 1078 4252 el
1094 4203 1166 4270 opud
1181 4203 1254 4254 deum
1265 4204 1422 4264 comestas,

258 4289 308 4338 pua
321 4269 397 4320 boreus
409 4271 480 4338 apud
490 4270 591 4331 liniator,⁸
605 4279 696 4338 posteo
713 4288 771 4320 sero
788 4289 805 4320 α
822 4273 951 4338 semetipso
969 4269 1109 4320 tramiatus
1126 4273 1153 4320 iu
1165 4271 1265 4322 maiora.
1283 4265 1378 4338 Papias
1394 4269 1422 4320 iu

259 4337 438 4390 tenellulum.
462 4337 640 4390 Damascanus
658 4343 748 4390 contra
759 4335 926 4389 Manichacus
942 4335 986 4389 loI.
996 4335 1054 4390 543.
1071 4337 1103 4389 de
1119 4335 1170 4390 fide
1183 4335 1320 4390 orthodox.
1332 4337 1376 4390 lib.
1387 4335 1420 4390 II.

259 4421 314 4484 pap.
324 4405 366 4486 IV.
379 4403 522 4458 elXXI'II.
540 4405 651 4474 Gyrillus
660 4404 786 4486 Alexand.
798 4406 825 4458 in
835 4403 925 4486 Iohan.
933 4405 977 4460 lib.
987 4403 1030 4458 vl.
1039 4421 1096 4474 cap.
1105 4403 1148 4458 VI.
1157 4403 1284 4486 Ilidymus
1294 4403 1422 4500 Alexapd

258 4471 893 4596 stabilitati·telttltltt
903 4471 1421 4612 ll.ll..2tllnlld¹.ttt.lllt
