3120 4994
134 321 143 330 .
259 281 322 348 264
729 277 959 322 ruennnertrraur

260 435 336 501 sede
355 453 426 501 esse
444 435 618 502 damnatos.
661 437 799 514 Quorum
821 439 917 501 etiarn
942 437 1155 502 confessiones
1181 435 1275 504 simul
1300 436 1422 501 direxit

261 537 376 604 Contra
397 539 454 604 lros
476 545 587 624 postea
605 538 657 604 lex
678 539 824 624 specialis
844 559 970 624 egressa
985 545 1044 622 est,
1064 545 1100 604 ut
1113 539 1303 624 ubicumque
1319 544 1425 604 assant

234 673 237 680 ⁴
260 644 385 728 reperti,
400 642 524 707 vindice
540 642 642 726 gladic
657 649 831 726 agerentur.

64 759 114 812 0ιο
128 759 241 802 mm-
323 745 576 812 Tertullianistas
591 745 666 810 olim
681 767 700 809 0
714 746 823 810 Sotere
843 764 925 832 papa
939 745 1079 812 Romano
1100 746 1263 811 damnatos
1283 743 1426 828 legimus.

260 848 322 916 Cur
335 853 442 914 autem
453 851 676 932 octogesimam
688 854 719 912 et
731 853 852 914 sextam
868 871 920 912 eos
932 847 1095 914 haeresem
1105 849 1245 914 dicamus
1257 851 1426 934 arripuisse
1550 889 1551 910 1

259 951 337 1017 haec
352 959 521 1035 causaest,
542 949 624 1036 quod
645 949 798 1036 quaedam
813 950 985 1016 Octaviana
998 954 1130 1016 veniens
1146 973 1185 1016 ex
1199 951 1317 1032 Africa,
1338 953 1427 1016 cuius

258 1057 317 1138 vir,
331 1055 504 1140 Hesperius
520 1057 657 1136 nomine,
676 1053 842 1118 videbatur
854 1055 926 1120 duci
939 1055 1108 1138 Arbogasti
1122 1054 1214 1122 valde
1230 1056 1428 1135 coniunctus,

260 1159 313 1243 qui
333 1160 430 1222 etiam
447 1157 532 1244 apud
549 1157 722 1222 Maximum
740 1163 910 1241 tyrannum
929 1157 1064 1222 multum
1084 1159 1200 1243 potnit,
1221 1157 1298 1221 haec
1315 1156 1426 1222 ¹Octa-
1550 1145 1551 1174 l

259 1263 354 1328 viana
368 1259 500 1326 adduxit
513 1281 622 1326 secum
637 1259 795 1344 quendam
814 1262 1085 1344 tergiversatorem
1104 1266 1327 1344 versutumque
1351 1259 1426 1324 dae·
1550 1331 1551 1360 ,

259 1383 396 1446 monem,
412 1363 462 1428 cui
477 1366 530 1426 vix
549 1367 676 1427 centum
696 1368 895 1427 occurrerent
914 1363 1096 1427 verbosanti
1110 1369 1203 1447 atqua
1217 1365 1251 1428 in
1265 1363 1427 1428 hominem
1550 1379 1551 1400 ¹

261 1465 439 1532 confidenti.
476 1465 535 1529 Hic
557 1485 629 1530 oum
644 1485 677 1529 se
692 1466 912 1550 presbyterum
927 1465 1045 1530 diceret
1059 1465 1339 1547 Tertullianistam,
1360 1487 1426 1532 me-

259 1571 323 1658 ruit
336 1589 393 1654 per
404 1589 531 1640 ,sacrum
546 1571 712 1654 seriptum,
732 1573 767 1632 ut
782 1567 842 1632 sihi
859 1568 1024 1651 collegium
1038 1575 1126 1633 extra
1142 1589 1249 1634 muros
1269 1569 1358 1632 urbis
1380 1570 1427 1632 fa-

259 1671 404 1737 bricaret.
448 1670 537 1749 Quod
561 1670 636 1734 dum
655 1673 857 1755 impetrasset
876 1693 895 1734 a
915 1677 1049 1754 tyranno
1069 1672 1223 1753 Maximo,
1247 1677 1428 1736 sanctorum

261 1781 440 1840 nostrorum
455 1773 589 1838 exclusit
603 1773 715 1856 locum,
734 1773 768 1838 id
783 1779 832 1838 001
847 1773 979 1838 duorum
994 1775 1126 1838 fratrum
1140 1775 1283 1840 Processi
1297 1781 1330 1838 et
1344 1775 1427 1840 Mar-

260 1879 389 1959 tiniaui,
416 1877 525 1944 dicens
548 1897 601 1941 eos
623 1877 762 1960 Phryges
784 1877 896 1959 fuisse,
919 1883 951 1940 et
972 1877 1042 1942 ideo
1062 1877 1144 1942 hanc
1164 1878 1264 1961 legem
1281 1880 1427 1942 tenuisse

260 2003 354 2066 quam
368 1979 591 2064 Tertullianus,
606 1985 699 2064 atqua
714 1980 773 2044 hoc
789 1979 898 2044 ordine
912 2001 969 2065 per
980 1982 1176 2046 occasionem
1186 1987 1361 2064 martyrum
1377 1981 1427 2044 dei

260 2083 411 2172 populum
427 2083 605 2148 seducebat.
628 2083 694 2147 Dao
709 2089 815 2147 autern
827 2081 1001 2148 Theodosio
1016 2083 1161 2166 religioso
1175 2085 1316 2166 Augusto
1333 2083 1427 2148 dante

260 2190 440 2268 victoriam,
462 2189 633 2272 punitoque
649 2185 783 2251 satellite
804 2186 948 2268 Maximi,
968 2186 1006 2250 de
1028 2189 1115 2252 ouius
1137 2207 1170 2252 se
1190 2185 1428 2252 Tertullianiste

261 2296 416 2378 potestate
431 2289 578 2371 iactabat,
593 2293 702 2354 atatim
716 2290 795 2372 fugit
810 2309 881 2354 oum
896 2295 1041 2354 matrona
1055 2309 1135 2373 qnae
1149 2295 1289 2370 venerat,
1304 2309 1365 2355 nec
1379 2291 1427 2354 vi-

261 2395 364 2460 ventis
376 2414 434 2458 nec
448 2395 563 2456 mortui
577 2413 700 2457 rumore
715 2399 873 2456 renovato.
910 2392 1082 2480 Martyrum
1097 2413 1224 2457 suerum
1239 2392 1317 2456 deus
1333 2413 1428 2456 excu-

261 2497 330 2566 bias
352 2495 524 2561 catholicae
546 2495 710 2559 festivitati
731 2495 875 2560 restituit.
914 2493 1126 2559 Tertullianus
1147 2501 1253 2560 autem
1272 2494 1332 2558 fuit
1351 2495 1429 2558 civis

263 2605 295 2666 ct
309 2599 474 2686 presbyter
488 2597 751 2680 Carthaginensia.
783 2597 941 2682 Opuscula
957 2597 1214 2682 eloquentissima
1228 2604 1261 2660 et
1274 2595 1430 2661 ferventia

262 2706 296 2768 in
315 2702 496 2766 defensione
517 2699 616 2764 edidit
637 2701 788 2764 veritatis.
825 2699 884 2764 Hie
906 2700 990 2786 apud
1015 2699 1236 2784 Carthaginem
1266 2699 1430 2765 basilicam

262 2806 382 2888 habuit,
396 2805 452 2870 ubi
467 2802 574 2890 populi
590 2801 631 2866 ad
651 2821 722 2868 eum
737 2802 974 2869 conveniebant.
1013 2805 1097 2882 Quae
1117 2802 1248 2870 basihoa
1267 2822 1368 2886 usque
1389 2801 1431 2868 ad

262 2908 426 2976 Aurelium
448 2909 631 2992 episcopum
648 2905 720 2998 fuit.
761 2907 882 2989 figente
907 2909 991 2970 enim
1017 2907 1192 2988 Augustino
1218 2906 1430 2991 Hipponiensi

265 3013 410 3099 episcopo
426 3015 459 3074 et
473 3007 700 3073 rationabiliter
715 3028 786 3072 cnm
801 3011 846 3074 eia
862 3007 1043 3095 disputante
1063 3011 1208 3074 conversi
1222 3018 1305 3090 sunt,
1327 3009 1430 3074 eccle·

264 3118 405 3198 sumque
421 3132 510 3177 0110111
525 3117 652 3174 sanctae
668 3110 818 3174 ecclesiae
834 3112 1042 3176 contulerunt.
1079 3111 1306 3176 Tertullianum
1322 3117 1430 3176 autem

265 3216 419 3284 catholica
429 3213 503 3279 hinc
518 3212 719 3300 reprehendit
730 3217 910 3297 auctoritas,
925 3214 1008 3300 quod
1019 3217 1157 3280 animam
1168 3235 1207 3278 ex
1218 3217 1325 3279 anima
1339 3217 1430 3282 nasci

266 3322 352 3402 dicit,
368 3323 401 3382 01
411 3315 553 3382 defendit
562 3316 746 3381 Montanum
761 3322 792 3380 et
802 3316 942 3382 Priscam
956 3322 988 3381 01
997 3317 1202 3384 Maximillam
1214 3323 1324 3384 contra
1333 3319 1431 3386 fidem

266 3422 465 3504 catholicam,
491 3425 524 3482 et
543 3423 652 3484 contra
670 3418 872 3505 Apollonium
890 3423 1070 3506 episcopum
1089 3423 1234 3504 orientia,
1268 3426 1300 3485 01
1320 3429 1432 3487 contra

266 3528 407 3594 Soterem
421 3543 535 3610 papam
550 3521 637 3586 urhis
651 3521 779 3604 Rornae,
798 3526 834 3586 ut
854 3541 948 3607 supra
962 3521 1107 3605 diximus,
1128 3523 1203 3589 dum
1218 3524 1430 3610 Cataphryges

266 3631 438 3697 haereticos
454 3626 679 3710 detegeremus.
716 3625 744 3688 A
764 3621 877 3708 quibus
895 3630 1005 3710 postea
1020 3625 1153 3710 divisus,
1173 3647 1213 3690 ne
1234 3627 1324 3714 plebs
1338 3628 1430 3692 Mon·

266 3734 333 3798 tani
348 3749 462 3796 nornen
474 3727 659 3793 Tertulhani
670 3727 829 3792 videretur
841 3726 1015 3809 excludere,
1027 3729 1107 3794 fudit
1117 3751 1137 3792 a
1147 3751 1180 3794 00
1192 3750 1318 3794 omnem
1328 3731 1429 3814 Phry-

266 3838 334 3921 giae
348 3836 531 3914 vanitatem,
547 3837 578 3895 et
592 3829 897 3896 Tertullianistarum
912 3831 1130 3895 conventicula
1142 3835 1334 3919 propagavit,
1349 3834 1430 3900 nihil

266 3946 373 4003 tamen
392 3939 426 4001 in
445 3935 507 4000 fide
526 3933 669 3998 mutavit.
705 3933 786 3998 Nam
806 3938 838 3997 01
856 3933 1009 3998 secundas
1030 3937 1155 4020 nuptias
1175 3936 1375 4019 condemnat,
1395 3943 1431 4001 ut

268 4041 414 4122 diximus,
428 4039 567 4103 animam
582 4035 762 4100 extraduce
777 4037 884 4101 venire
900 4035 1028 4118 adserit,
1051 4043 1083 4100 et
1095 4057 1154 4101 nos
1169 4037 1338 4104 catholicos
1353 4059 1428 4125 psy-

268 4143 372 4211 chicos
396 4141 511 4208 titulat.
558 4139 755 4223 Ubicumque
781 4144 886 4204 autem
912 4138 1024 4222 legeris
1052 4138 1237 4204 Tertulliani
1262 4141 1430 4208 adversum

268 4246 444 4334 psychicos,
459 4247 540 4310 acies
555 4263 627 4308 cum
642 4247 750 4308 contra
764 4241 933 4306 catholicos
948 4261 1049 4324 agere.
1144 4273 1149 4282 ·

208 4405 215 4414 .
331 4349 368 4416 In
390 4349 578 4433 octogesima
597 4351 629 4412 et
648 4347 782 4430 septima
799 4343 924 4410 haeresi
942 4343 1104 4410 abeloitas
1125 4347 1332 4412 nominamus.
1370 4347 1430 4426 Qui

269 4467 399 4522 Probabit.
412 4485 470 4536 cap.
481 4465 507 4518 3.
515 4483 580 4535 puy.
590 4463 635 4518 29.
647 4463 717 4518 Patr.
729 4463 855 4516 Horreum
867 4466 895 4514 ia
905 4461 1014 4515 Miscell.
1026 4461 1089 4514 Orio.
1103 4463 1146 4516 aa.
1158 4463 1182 4516 Ι.
1195 4481 1217 4520 0,
1228 4463 1251 4515 7.
1258 4463 1356 4533 proc.
1414 4503 1429 4528 .,

270 4531 862 4602 0100119.ὓοοω00110101000010011110
918 4532 977 4582 'dem
993 4532 1049 4582 0001
1066 4534 1127 4592 uait,
1144 4533 1171 4580 10
1183 4533 1290 4583 academ
1298 4537 1375 4602 pona
1392 4539 1430 4585 eia

271 4604 444 4672 opusculorum
455 4618 488 4651 uc
518 4608 623 4650 satorum
634 4603 786 4660 recensione,
800 4617 858 4668 cop.
890 4601 932 4664 .§.
946 4549 1063 4668 10131
1098 4597 1241 4668 (Gallaud.)

338 4667 460 4738 0⁸11.er
516 4665 559 4720 Vl.
573 4695 606 4708 -·
624 4665 647 4718 l.
660 4665 767 4720 0010110
777 4665 831 4719 MS.
844 4667 923 4730 11011,
934 4670 978 4736 qua*
984 4671 1060 4736 priua
1070 4665 1220 4720 Octauiana
