3120 4994
876 207 884 232 Ι

287 265 349 331 276
713 265 1031 310 amuco-naamam

263 421 387 485 'Istum
409 427 514 486 autern
535 421 677 487 Aeonem
698 425 732 486 in
755 423 963 490 delectionem
984 424 1102 488 lactum
1124 422 1301 490 Achamoth
1321 423 1401 490 dicit
1420 427 1456 488 in

287 524 486 609 passionibus
505 523 653 590 desiderii
669 525 858 609 quibusdam
873 527 970 592 fuisse
986 533 1018 590 et
1033 548 1071 590 ex
1091 527 1291 612 passionibus
1305 529 1455 592 materias

287 627 433 691 edidisse.
462 627 597 712 Expavit
611 631 712 710 enim,
731 629 849 714 iuquit,
869 635 900 694 et
915 630 1059 694 extimuit
1072 637 1105 694 et
1120 631 1323 694 contristatus
1339 637 1403 712 est,
1423 637 1457 694 et

287 750 325 794 ex
340 729 389 793 his
404 731 606 814 passionibus
622 733 767 816 concepit
782 737 814 795 et
829 731 936 796 edidit.
967 733 1049 797 Hinc
1065 732 1140 796 lecit
1155 732 1276 798 eaelum
1290 740 1324 797 et
1338 739 1455 797 terram

285 839 317 896 et
330 853 417 896 mare
434 837 466 896 et
481 835 587 897 omnia
602 852 806 917 quaecunque
823 841 897 898 sunt
912 837 945 898 in
961 837 1022 916 ais,
1039 835 1077 899 oh
1094 855 1188 918 quarn
1205 856 1333 902 causam
1349 838 1456 902 omnia

284 935 410 999 intirma
424 955 493 998 esse
509 941 541 999 et
555 935 677 1018 fragilia
692 942 723 1000 et
738 935 856 1002 caduca
871 943 902 1000 et
917 937 1076 1018 mortalia,
1097 941 1301 1022 quaetunque
1322 937 1453 1003 suntab

284 1041 353 1124 ipso
369 1039 468 1119 facta,
489 1039 785 1123 quoniamquidem
806 1041 873 1124 ipse
890 1040 984 1104 luerit
1003 1039 1061 1104 ⁴de
1083 1039 1258 1106 delectione
1280 1047 1453 1127 conceptus
1529 1033 1531 1039 ’

284 1147 377 1224 atque
393 1140 546 1226 prolatus;
562 1139 646 1206 hunc
662 1149 770 1206 tamen
784 1144 960 1208 instituisse
975 1145 1073 1208 istum
1087 1143 1241 1208 mundum
1260 1165 1300 1210 ex
1319 1145 1370 1209 his
1384 1165 1452 1208 ma-

283 1247 371 1308 teriis
387 1263 464 1327 quas
479 1243 657 1308 Achamoth
672 1245 722 1309 vel
738 1244 881 1330 pavendo
897 1245 947 1328 uel
961 1245 1102 1310 timendo
1114 1246 1164 1312 vel
1176 1247 1392 1312 contristando
1404 1245 1453 1311 uel

284 1346 425 1411 sudando
440 1347 650 1431 praestiterat.
674 1347 753 1412 Nam
769 1369 807 1411 ex
822 1369 950 1433 pavore,
964 1349 1076 1432 inquit,
1090 1349 1240 1414 tenebrae
1252 1350 1355 1414 sactae
1368 1354 1453 1428 sunt,

285 1471 324 1514 ex
340 1452 449 1514 timore
466 1454 498 1512 et
512 1451 688 1532 ignorantie
703 1452 832 1535 spiritus
847 1453 1005 1534 nequitiae
1021 1458 1053 1514 et
1067 1451 1282 1535 malignitatis,
1298 1473 1336 1516 ex
1352 1454 1452 1516 tristi-

283 1554 329 1616 tia
344 1559 376 1616 et
390 1551 528 1618 lacrimis
543 1553 672 1617 humida
686 1553 831 1635 fontium,
847 1553 1012 1618 tluminum
1026 1557 1158 1620 materia
1168 1557 1337 1640 marisque.
1361 1553 1451 1618 Chri·

284 1661 371 1718 stum
384 1659 489 1718 autern
503 1657 637 1720 missum
652 1655 757 1719 abillo
770 1662 947 1740 propatore,
963 1658 1017 1740 qui
1032 1662 1080 1721 est
1091 1656 1219 1741 Bythos.
1241 1659 1334 1724 Hunc
1346 1663 1451 1722 autem

283 1759 318 1821 in
333 1757 510 1822 substantie
525 1760 664 1844 corporis
679 1761 779 1822 nostri
795 1779 857 1822 non
873 1759 987 1840 luisse,
1008 1759 1064 1824 sed
1084 1759 1224 1844 spiritale
1244 1762 1352 1826 nescio
1369 1760 1451 1844 quod

285 1881 397 1945 corpus
410 1860 448 1924 de
461 1860 546 1926 caelo
562 1859 765 1943 deferentem,
781 1863 871 1944 quasi
885 1862 1017 1945 5aquam
1032 1883 1087 1946 per·
1098 1863 1247 1945 fistulam,
1263 1866 1374 1949 sioper
1385 1863 1450 1928 hla-

283 1965 365 2027 riam
378 1965 532 2044 virginem
547 1969 769 2045 transmeasse,
784 1962 862 2027 nihil
878 1963 950 2028 indo
960 1963 1011 2028 vel
1021 1967 1230 2050 accipientem
1243 1966 1292 2030 vel
1302 1973 1450 2030 mutuan-

283 2071 359 2130 tem.
381 2057 656 2132 Resurrectionem
670 2065 763 2132 huius
779 2067 881 2130 carnis
897 2072 1001 2149 negat,
1014 2066 1088 2132 ⁶sed
1103 2067 1231 2134 alterius
1245 2068 1322 2151 legis
1335 2075 1369 2132 et
1378 2091 1450 2154 pro·

284 2167 451 2254 phetarum
466 2167 619 2251 quaedam
633 2169 763 2253 probat,
785 2167 939 2252 quaedam
954 2169 1125 2254 improbat,
1147 2171 1180 2236 id
1201 2177 1250 2236 est
1269 2173 1377 2236 omnia
1390 2173 1450 2236 im·

283 2271 410 2356 probat,
434 2269 508 2335 dnm
532 2271 686 2355 quaedam
708 2270 873 2357 reprobat
900 2271 1102 2354 Evangelium
1122 2271 1219 2338 habet
1240 2276 1337 2340 etiam
1359 2295 1451 2340 suum

284 2379 408 2458 praeter
422 2373 501 2438 haec
516 2381 632 2438 nostra.

142 2485 193 2539 Car·
206 2487 266 2528 ¹11¹·
346 2477 423 2541 Post
444 2477 528 2541 hunc
550 2479 722 2542 extiterunt
743 2476 941 2543 Ptolemaeus
964 2483 996 2541 et
1018 2477 1182 2544 Secundus
1201 2479 1369 2561 haeretiei,
1398 2482 1451 2563 qui

284 2601 356 2645 cum
370 2577 537 2644 Valentino
552 2601 609 2664 per
624 2581 729 2644 omnia
744 2582 955 2661 consentiunt,
972 2581 1022 2643 ¹in
1037 2581 1090 2646 illc
1107 2581 1171 2646 selo
1188 2581 1346 2646 differunt.
1369 2581 1451 2648 Nam

284 2703 356 2748 cum
370 2683 557 2747 Valentinus
577 2683 703 2746 Aeonas
723 2687 847 2746 tantum
865 2684 994 2766 triginta
1008 2683 1165 2770 finxisset,
1185 2684 1240 2748 isti
1260 2683 1451 2749 addiderunt

284 2786 362 2852 alios
378 2785 572 2870 complures3
588 2790 720 2868 quatuor
736 2787 821 2848 euim
835 2785 988 2868 primum,
1004 2785 1117 2850 deinde
1133 2785 1211 2850 alios
1226 2784 1379 2871 ²quatuor
1394 2787 1450 2852 ad-

284 2893 498 2972 gregaverunt.
532 2887 572 2951 Et
586 2887 668 2970 qued
684 2887 760 2952 dicit
775 2887 960 2952 Valentinus
975 2889 1115 2952 Aeonem
1130 2890 1325 2954 tricesimum
1340 2909 1449 2955 exces-

284 2994 363 3054 sisse
379 2990 418 3054 de
432 2989 623 3070 Pleromate,
642 2993 678 3052 nt
696 2991 728 3054 in
750 2989 974 3072 delectionem,
994 2997 1111 3074 negant
1131 2993 1198 3072 isti3
1218 3013 1283 3058 non
1305 2995 1392 3057 enirn
1412 3013 1449 3057 ex
1543 3001 1544 3044 i

284 3093 338 3158 illa
351 3091 546 3157 triacontade
561 3092 659 3156 luisse
673 3092 758 3156 hunc
774 3093 828 3175 qui
842 3093 936 3156 fuerit
950 3095 983 3156 in
1000 3093 1205 3158 delectionem
1221 3099 1350 3180 propter
1365 3095 1448 3160 desi·

284 3195 406 3260 derium
420 3193 548 3258 videndi
562 3196 746 3280 propatoris.
1309 3199 1312 3214 '

1543 3159 1544 3220 l

1543 3227 1544 3274 l

145 3309 196 3360 cn·
210 3307 265 3350 nv·
345 3297 457 3363 Extitit
471 3301 633 3382 praeterea
643 3296 816 3362 Heracleon
831 3297 911 3362 alter
924 3297 1111 3380 haereticus,
1126 3301 1180 3382 qni
1196 3319 1267 3364 oum
1280 3300 1448 3366 Valentino

283 3404 371 3488 paria
385 3401 496 3481 sentit,
516 3399 572 3464 sed
592 3401 729 3464 novitate
750 3399 885 3484 quadarn
905 3403 1166 3485 pronuntiationis
1187 3401 1255 3466 vult
1272 3403 1375 3468 videri
1390 3404 1449 3468 alia
1543 3411 1544 3490 l

284 3504 410 3570 sentire.
447 3502 622 3568 Introducit
640 3503 725 3566 enim
744 3505 777 3566 in
797 3503 906 3588 primis
926 3501 1004 3568 illud
1024 3504 1120 3568 luisse
1136 3503 1236 3587 ¹qucd
1255 3509 1448 3590 pronuntiat,
1543 3529 1544 3582 l

284 3615 316 3672 et
331 3605 443 3672 deinde
460 3626 498 3668 ex
512 3604 567 3670 illa
580 3605 714 3670 monade
730 3605 801 3686 duo,
820 3627 857 3670 ao
873 3603 987 3672 deiude
1002 3605 1138 3690 rehquos
1153 3607 1288 3672 Aeonas.
1325 3609 1447 3676 Deinde

283 3709 454 3774 introducit
468 3713 569 3772 toturn
583 3707 796 3773 Valentinum.

279 3867 390 3932 primum
401 3879 430 3912 re
449 3863 513 3912 osrer't
524 3859 659 3911 Pumelius.
684 3860 755 3910 Illud
770 3859 891 3930 appellat,
906 3877 956 3929 pro
973 3879 1018 3928 quo
1031 3859 1159 3912 Pometios
1175 3870 1200 3912 et
1216 3861 1347 3929 Ripaltias
1364 3867 1446 3917 edide-

283 3941 369 3982 runta
386 3879 493 3999 pellent,
508 3947 539 3980 ear
549 3931 679 3997 superiore
696 3930 765 3979 licea
782 3931 930 3996 irrepserat.
953 3928 1005 3980 Sed
1013 3933 1128 3996 sortasse
1139 3931 1260 3982 malueris
1270 3935 1446 4000 pronuntiato.

283 3947 404 4070 Appellit
413 3999 494 4050 istum
506 4003 593 4048 autern
604 3997 719 4050 Aeonem
730 3996 758 4048 iu
767 3995 938 4050 delectionem
947 3997 1045 4050 iactum
1056 3995 1209 4062 Achamoth,
1221 3997 1282 4051 dicit
1291 4009 1349 4054 cett.
1368 4003 1393 4057 4.
1407 4001 1446 4054 de-

284 4067 430 4136 ceptatione
446 4065 539 4116 lateat
553 4067 608 4116 eod.
625 4081 669 4118 ras.
682 4063 799 4116 Leideur.
812 4073 837 4115 et
847 4067 885 4119 cd.
894 4070 979 4133 prior.
1001 4065 1079 4132 Vulpo
1091 4075 1229 4118 correctum
1243 4069 1336 4133 ἱερέων
1345 4069 1377 4120 de
1387 4087 1446 4138 apo-

283 4137 400 4198 riatione,
409 4135 565 4187 ealrenceo.
616 4131 640 4186 5.
653 4149 721 4202 aqua
732 4135 791 4184 edit.
800 4137 922 4202 prinecps
936 4134 1014 4184 Brrrti
1024 4135 1149 4188 Ithemrrri.
1197 4135 1220 4188 t.
1241 4136 1319 4203 l'nlqe
1332 4137 1398 4188 hirec
1410 4143 1446 4190 ita

284 4207 360 4256 distin
397 4201 605 4254 rrtsedalterius.
630 4201 710 4270 Legis
723 4209 779 4254 cett.
986 4253 988 4256 .

352 4221 395 4323 dli
408 4313 414 4324 .
427 4269 498 4324 Xlll.
516 4299 549 4308 -
577 4271 599 4322 1.
618 4269 739 4321 Fortasse
755 4271 923 4337 reponendum
943 4274 978 4320 ait
992 4269 1019 4322 in
1038 4287 1089 4322 uno
1107 4273 1163 4323 solo
1180 4273 1220 4324 ret
1234 4271 1262 4324 in
1279 4288 1332 4326 uno
1351 4273 1444 4328 solum.
1543 4301 1544 4306 =

285 4339 309 4393 2.
323 4339 367 4391 Itu
379 4341 513 4391 ediderunt
527 4339 657 4390 Pometiae
668 4347 692 4388 et
702 4339 737 4390 Jc·
755 4339 839 4401 oldus,
857 4340 893 4390 ad
904 4338 1038 4390 Irenaeum
1051 4341 1119 4393 Ado.
1132 4339 1239 4394 Haeree.
1253 4341 1276 4392 1.
1288 4341 1314 4392 5.
1328 4341 1353 4396 6.
1363 4361 1392 4410 p.
1404 4341 1443 4394 53.

285 4410 324 4461 ed.
340 4408 442 4468 Grata,
455 4407 579 4460 Pistam.
592 4424 649 4476 cup.
661 4405 706 4458 39.
756 4407 801 4457 'bri
810 4415 870 4464 vett.
887 4406 980 4458 todeni
990 4413 1057 4460 octo.

284 4473 414 4608 arichisii
426 4474 496 4592 {IV
509 4501 541 4514 —-
565 4475 587 4526 l.
605 4474 674 4542 quod
690 4473 824 4528 dominum
840 4475 991 4543 pronuntiat
1007 4477 1105 4528 rotetur
1120 4476 1143 4531 I.
1156 4476 1191 4528 Μ.
1204 4477 1295 4540 tarra,
1314 4497 1344 4530 ex
1357 4479 1444 4532 Plrdo-
1543 4541 1544 4584 l
