3120 4994
285 296 348 363 314
416 356 421 365 Ι
819 295 903 336 unum

176 481 227 534 σῃ
240 483 269 524 ιι
347 449 563 516 Menandriani
576 471 596 516 a
609 449 779 518 Menandro
794 470 902 534 mago,
917 449 1070 537 discipulo
1085 451 1239 536 Simonis,
1259 455 1436 538 nuncupati,

286 556 339 639 qui
352 552 503 619 mundum
518 573 581 618 non
596 575 615 618 a
629 553 697 637 deo,
712 553 767 620 sed
782 553 822 618 ab
837 554 954 638 angelis
969 554 1087 622 tactum
1102 561 1255 622 asserunt.

164 669 216 724 0¹1³·
229 671 268 714 m.
347 656 517 736 Nicolaitae
538 656 614 722 dicti
634 657 804 739 aNiooluo‚
821 657 952 724 diacono
973 657 1125 724 ecclesiae
1145 657 1437 742 Hierosolymorum,

285 760 338 846 qui
352 780 424 825 oum
438 759 595 845 Stephano
611 765 643 823 et
653 759 768 825 ceteris
781 763 967 841 constitutus
982 767 1030 826 est
1041 761 1171 828 aPetro.
1204 762 1236 828 Is
1252 783 1325 826 cunr
1338 761 1437 828 inore·

283 869 410 951 paretur
423 861 626 949 abepostolis
639 867 766 948 propter
781 863 1201 950 zelotypiam'pulohorrimae
1210 864 1330 948 pueris,
1344 865 1438 930 iratus
1544 885 1545 896 ¹

285 987 481 1032 communem
499 965 575 1030 fecit
594 986 663 1030 eam
684 965 828 1032 omnibus
848 965 935 1032 abuti
948 965 1137 1048 volentibus,
1156 967 1260 1052 itaque
1275 967 1379 1034 tactus
1395 972 1439 1034 eat
1544 991 1545 1032 l

284 1077 392 1136 auctor
406 1068 603 1155 turpissimae
619 1069 858 1152 communionis,
871 1075 907 1134 ut
916 1069 1075 1153 videlicet,
1090 1069 1354 1155 quemadmodum
1367 1092 1437 1158 apo·

285 1173 434 1239 stolorum
442 1192 591 1257 sequaces
603 1178 707 1238 cetere
717 1173 800 1238 bona
810 1171 1087 1256 communicarent,
1101 1176 1147 1238 sic
1159 1176 1257 1260 ipsius
1270 1178 1438 1240 sectatores

285 1296 466 1343 communes
481 1275 576 1341 etium
594 1275 746 1342 haberent
764 1295 885 1341 uxores.
923 1277 1005 1354 Quos
1024 1275 1178 1342 Iohannes
1197 1277 1232 1341 in
1250 1275 1439 1362 Apocalypsi

283 1379 450 1466 improbet,
464 1379 583 1461 dicens·
602 1379 684 1444 1Ηοο
699 1378 782 1464 quod
803 1378 897 1444 odisti
917 1379 1015 1444 habes
1029 1379 1113 1444 fecta
1126 1378 1360 1446 Nicolaitarum.
1396 1379 1439 1445 Ex

284 1487 373 1568 parto
388 1480 604 1546 similitudinis
614 1501 713 1565 usque
724 1481 816 1546 hodie
827 1481 968 1546 Romana
978 1481 1112 1548 ecclesia
1122 1481 1293 1549 Nicolaitae
1304 1482 1441 1568 appellat

284 1586 516 1652 incontinentes
530 1583 691 1648 ministros
706 1583 823 1666 altaris,
839 1604 874 1648 eo
889 1582 990 1668 ²quod
1000 1583 1063 1649 sibi
1074 1585 1363 1650 communiavelint
1372 1605 1438 1650 esse

286 1687 439 1770 coniugia,
461 1707 540 1771 quae
560 1685 636 1752 solis
657 1681 807 1752 concessa
821 1692 894 1750 sunt
913 1685 1002 1750 laicis
1018 1692 1050 1750 et
1063 1687 1126 1752 illis
1146 1685 1222 1773 ³qui
1234 1693 1323 1753 extra
1337 1709 1439 1755 sacros

286 1789 411 1857 ordines
426 1788 588 1854 constituti
602 1795 676 1853 sunt
690 1789 822 1854 clericis.

169 1904 219 1958 ver·
232 1905 269 1946 Ν·
348 1891 543 1974 ¹Cerinthus,
562 1911 655 1975 aquo
671 1891 874 1975 Corinthiani,
889 1897 920 1956 et
933 1889 1061 1975 ²Ebion‚
1082 1911 1175 1978 aquo
1189 1893 1365 1976 Ebionitae,
1384 1913 1438 1979 pa·

227 2044 231 2053 f
285 1996 362 2062 riter
375 1999 575 2060 asseruerunt
589 1995 747 2060 Christum
760 1995 937 2060 ³hominem
950 1993 1046 2060 fuisse
1061 2001 1169 2062 natum
1183 1995 1291 2061 Maria
1327 1996 1440 2062 Contra

284 2100 342 2166 hos
358 2097 468 2164 scribit
481 2097 636 2164 lohannes
650 2097 808 2184 apostolus
824 2097 1028 2180 evangelium.
1064 2097 1229 2164 Praeterea
1246 2097 1439 2166 Cerinthiani

287 2201 557 2268 circumcisionem
571 2199 747 2284 observant,
764 2200 851 2265 mille
866 2221 965 2266 enncs
980 2207 1051 2286 post
1064 2202 1322 2267 resurrectionem
1336 2202 1372 2266 in
1385 2223 1439 2269 vc-

205 2363 207 2367 ,
286 2305 404 2391 luptate
420 2304 522 2369 curnis
537 2304 656 2369 futuros
670 2304 862 2390 praedicant,
877 2301 959 2367 unde
975 2309 1006 2366 et
1018 2305 1134 2370 Graece
1145 2305 1317 2388 *chiliasti
1330 2305 1440 2370 Latino

286 2407 414 2474 Miliesti
428 2411 502 2472 sunt
516 2406 672 2493 appellati.
708 2407 789 2472 item
801 2406 964 2472 Ebionitue
980 2405 1170 2472 Semiiuduei
1184 2413 1267 2490 sunt
1288 2415 1320 2471 ot
1333 2408 1381 2472 ita
1393 2415 1440 2472 ta·

286 2517 364 2577 nent
378 2509 592 2594 evangelium.
602 2515 639 2574 ut
652 2509 751 2592 legem
764 2509 929 2574 carnaliter
944 2511 1124 2591 observent3
1145 2509 1294 2576 adversus
1309 2530 1387 2595 quos
1402 2511 1442 2576 ad

209 2613 212 2620 ’
287 2615 412 2682 Galatas
425 2613 541 2679 Paulus
556 2612 714 2700 apostolus
729 2613 870 2680 scribens
884 2613 1050 2678 iuvenitur.

179 2727 231 2779 σιν·
244 2727 270 2768 V·
348 2717 502 2783 Nazarani
517 2715 593 2781 dieti
609 2715 751 2800 quidum
767 2715 934 2799 Christum,
950 2716 1003 2800 qui
1017 2734 1036 2781 a
1052 2715 1119 2782 vico
1133 2715 1318 2782 'Nauaronus
1334 2717 1443 2804 appel·

286 2819 378 2903 latur,
393 2820 493 2889 filium
508 2818 558 2884 dei
570 2819 786 2902 confiteantur,
801 2819 905 2884 omnia
915 2825 1019 2884 temen
1036 2819 1151 2884 veteris
1163 2819 1240 2902 legis
1253 2820 1444 2885 custodiunt

169 2933 218 2986 cer·
232 2933 269 2975 Ἡ·
349 2921 590 3006 Hermogouieni
604 2921 644 2986 ab
659 2923 852 3006 Hermogene
867 2921 1002 3008 quodam
1012 2923 1126 3006 vocati,
1142 2922 1195 3007 qui
1204 2925 1369 2988 materiam
1382 2944 1445 2988 non

286 3033 394 3094 nutam
402 3025 609 3092 introducens
625 3023 682 3090 deo
697 3043 761 3090 nun
775 3031 848 3090 nato
864 3045 933 3090 earn
949 3025 1154 3111 comparavit,
1168 3031 1362 3111 matremque
1378 3025 1443 3091 ole-

286 3136 463 3196 meutorum
484 3134 516 3192 et
535 3128 629 3193 deum
649 3129 794 3208 asseruit3
815 3149 893 3213 quos
913 3128 1071 3214 apostolus
1093 3128 1258 3214 improbat,
1278 3127 1445 3196 elementis

286 3233 466 3299 servientes.

36 3337 43 3356 ‘
155 3362 206 3415 oss.
220 3361 269 3404 vn.
350 3332 1443 3424 1Alogivoeanturosquamsineverb03utpoaenimuraeeavar-

286 3441 362 3507 bum
376 3437 518 3504 ’dicitur
554 3437 656 3502 Deum
670 3436 754 3502 enim
768 3437 900 3503 verbum
914 3457 977 3503 non
993 3437 1133 3520 credunt,
1147 3445 1331 3526 respuentes
1343 3421 1443 3506 ¹even-

285 3543 401 3627 geliunr
414 3539 563 3606 Iohannis
578 3545 610 3604 ot
623 3539 843 3626 Apocalypsin.

146 3673 197 3726 ose.
210 3671 269 3714 vnn
348 3643 522 3731 Apostolici
536 3642 594 3709 hoo
610 3643 671 3708 sibi
686 3663 800 3708 nomen
814 3642 885 3708 ideo
900 3651 1185 3730 praesumpserunt,
1200 3645 1304 3732 ¹qaod
1317 3645 1443 3730 quidem

286 3747 366 3815 nihil
384 3746 580 3834 possidentes
602 3751 767 3832 propterea
785 3765 982 3830 nequaquam
1000 3746 1155 3834 recipiant
1179 3767 1230 3813 eos
1251 3749 1305 3834 qui
1324 3749 1443 3834 aliquid

285 3851 321 3918 in
333 3850 393 3918 hoe
407 3848 524 3916 mundo
538 3853 677 3914 utuntur.

170 3963 220 4015 cm
233 3963 270 4004 1¹2
350 3952 510 4037 ¹Angelici
523 3954 626 4019 vocati
641 3951 715 4038 quia
728 3949 853 4036 angelos
869 3949 983 4019 colunt.

355 4173 417 4245 Gap.
427 4171 471 4227 III.
483 4203 516 4214 -
535 4172 558 4226 1.
568 4171 673 4296 Aperui
682 4171 713 4225 ll.
724 4171 747 4227 6.
783 4171 806 4226 2.
819 4187 870 4243 quo
882 4174 956 4228 codd.
990 4172 1015 4227 3.
1027 4173 1061 4226 In
1073 4175 1145 4229 codd.
1156 4173 1317 4228 desideratur
1327 4175 1442 4296 ωαῶιιόἰ.

355 4241 520 4314 uap.1v.-
550 4241 572 4295 1.
611 4239 1106 4312 berinthusaqquherinthiauicodd‚
1158 4241 1181 4296 2.
1198 4242 1299 4298 Ebibou
1312 4245 1367 4296 eorl

288 4311 313 4365 3.
326 4311 370 4364 lea
383 4313 490 4365 correxi.
520 4310 621 4364 luvelt.
634 4311 863 4380 titriroorraprela
876 4319 914 4362 ert
928 4328 981 4364 nou
996 4307 1249 4365 fuisseufimurium.
1278 4310 1440 4366 Goutuucstt.

289 4380 314 4433 4.
325 4379 445 4432 Rescribe
457 4375 604 4444 Ghiliustue,
615 4377 706 4432 Latine
717 4377 863 4443 Milliustaa
875 4396 905 4430 ea
915 4379 1065 4448 Aepuatr'co,
1077 4379 1178 4434 Isidoro
1190 4381 1303 4448 diuque.

356 4445 527 4518 crp.vn.-
546 4447 628 4500 l.Alo
668 4447 759 4499 'codd
810 4445 1006 4520 hlogoscodd.
1058 4447 1083 4502 3.
1099 4447 1173 4502 datur
1185 4449 1256 4504 coda

357 4515 419 4585 Gap.
429 4513 496 4568 vul
509 4545 542 4556 -
560 4515 582 4568 1.
595 4531 639 4584 qm
657 4531 699 4568 em
709 4513 775 4567 nihil
787 4517 859 4570 codd.

358 4582 420 4652 Gap.
431 4580 478 4636 m.
491 4612 524 4624 -
542 4582 564 4636 1.
577 4582 678 4652 Angliot
691 4583 762 4637 codrt
