3122 4990
262 275 324 342 rac
767 277 918 322 rmum

165 459 169 470 =
261 430 300 496 de
311 431 425 515 Adam,
435 433 538 500 Ecceb
550 434 776 523 Adomfcctca
787 448 832 501 cat
842 439 938 523 pacat
946 459 1028 503 uoce
1039 458 1077 502 aa
1086 435 1187 518 acha,
1196 438 1301 502 οοίοκο
1313 435 1427 500 bonam

260 545 289 600 et
301 536 435 601 adom.-
454 549 483 601 a
500 561 587 604 auco
604 561 644 604 aa
664 541 792 624 quoodo
807 541 953 606 euadat
970 561 1100 606 morcaro
1117 561 1210 604 acam
1223 549 1253 603 aa
1265 549 1379 623 tarapot
1398 549 1426 602 ct

257 649 361 723 portet
375 640 413 702 dc
427 641 512 724 lipac
526 644 610 706 vitoe
624 653 654 706 et
666 645 754 707 vivat
765 645 801 706 ia
815 655 985 726 ammom,
1004 642 1142 728 Expulit,
1158 644 1270 725 inquit,
1284 661 1357 706 eum
1369 640 1425 706 do·

258 743 363 806 minue
379 741 419 805 de
433 741 578 828 paradiso
594 743 731 812 invidiae
748 767 850 810 causa.
871 745 923 831 ⁸Et
937 727 1072 831 primum
1087 746 1145 810 hoc
1166 747 1324 826 sentiunt,
1344 743 1427 827 quod

258 843 338 908 alter
353 844 430 910 deus
450 847 560 912 fecerit
574 850 727 930 animam
746 847 825 912 alter
840 869 983 931 carnem,
1005 855 1041 914 ut
1060 848 1252 928 Manichaei,
1273 849 1427 926 Gnostici,

258 947 431 1012 Nicolaitae
445 955 478 1012 et
492 949 546 1013 alii
566 949 681 1034 perditi
704 951 911 1034 arbitrantur,
931 952 1072 1018 dicentes
1096 950 1178 1036 qnod
1198 949 1277 1014 alter
1299 948 1428 1034 quidam

257 1049 360 1114 benus
376 1049 453 1116 deus
468 1058 527 1134 est,
543 1051 622 1120 alter
635 1061 741 1118 autem
755 1054 867 1135 malus,
883 1057 1040 1140 inquiunt,
1055 1057 1089 1119 in
1100 1054 1159 1119 hoc
1170 1051 1284 1118 seculo.
1307 1051 1348 1116 Et
1357 1071 1425 1116 ma·

257 1152 324 1218 lum
338 1152 433 1218 deum
446 1154 530 1220 hunc
550 1137 720 1220 aestimant
739 1155 856 1222 dixisse
877 1157 1108 1242 ut¹pelleretur
1128 1155 1167 1221 de
1181 1155 1342 1241 paradiso,
1362 1177 1426 1220 non

258 1255 466 1324 adtendentes
486 1257 569 1341 qnod
590 1279 671 1324 unus
694 1259 771 1324 deus
792 1265 885 1344 atque
907 1259 992 1325 idem
1011 1265 1100 1345 pater
1123 1281 1178 1344 per
1197 1258 1297 1322 filium
1316 1259 1428 1323 lecerit

257 1359 360 1424 Adam
374 1365 497 1444 patrem
511 1367 671 1444 nostrum,
692 1362 874 1446 dederitque
898 1366 926 1428 ei
945 1361 1147 1444 mandatum,
1167 1367 1203 1426 ut
1218 1360 1372 1426 onsmdito
1388 1381 1426 1424 ec

257 1468 457 1547 permaneret
471 1464 666 1546 immortalis,
678 1468 951 1551 praevaricatoque
966 1464 1114 1530 mandato
1130 1463 1299 1549 pelleretur
1314 1463 1353 1526 de
1367 1481 1426 1548 pa·-

257 1565 373 1647 radiso,
387 1571 424 1629 ut
437 1568 590 1650 scriptum
605 1574 667 1646 est3
684 1573 716 1630 et
731 1571 805 1651 quia
819 1570 964 1633 suasione
980 1569 1102 1632 inimici
1115 1566 1174 1632 hoc
1186 1585 1354 1652 perpessus
1366 1573 1427 1646 cet,

258 1689 331 1733 cum
345 1689 409 1733 non
424 1668 601 1734 adtendunt
612 1669 652 1733 ad
664 1669 780 1734 Christi
792 1669 1051 1750 miscricordiam,
1066 1672 1099 1734 in
1109 1671 1330 1754 praecipitium
1340 1687 1425 1732 mor-

257 1773 299 1835 tis
314 1769 505 1836 ²dolendunt
519 1778 697 1858 perpetuae.
721 1773 780 1837 Hic
795 1770 901 1856 itaque
917 1793 980 1837 non
995 1771 1140 1836 invidens
1153 1771 1230 1835 dena
1242 1769 1358 1856 repulit
1367 1791 1426 1854 pa-

258 1880 339 1940 trem
352 1881 495 1940 nostrum
509 1875 548 1940 da
563 1875 724 1960 paradiso,
740 1883 775 1940 ut
789 1896 854 1940 non
869 1875 913 1940 ibi
928 1881 1118 1956 moraretur,
1140 1881 1195 1938 aut
1209 1894 1272 1940 non
1286 1879 1428 1956 gustaret

258 1978 296 2043 de
310 1978 394 2062 ligno
409 1980 508 2059 vitae,
529 1977 584 2042 sed
604 1981 703 2062 magis
724 1978 827 2043 cidem
849 1977 1017 2044 consulens
1038 1981 1072 2044 in
1092 1997 1186 2062 parvo
1203 1978 1347 2062 peccanti
1361 1996 1428 2039 non

256 2083 408 2167 pepercit,
423 2102 462 2145 ne
477 2081 634 2166 parcendo
651 2081 691 2146 ad
705 2084 824 2146 maiora
839 2084 933 2146 etiarn
948 2083 1099 2146 ³crimina
1113 2080 1176 2144 alia
1186 2081 1343 2144 inveniret
1353 2097 1428 2141 enm

256 2183 483 2269 ‘prodeuntem
498 2190 600 2249 aetate
615 2183 777 2269 ampliore,
792 2191 963 2268 posteaque
979 2182 1133 2248 criminali
1148 2181 1263 2247 iudicio
1276 2201 1364 2245 reum
1378 2180 1426 2244 la-

251 2293 344 2352 ·ctum
359 2287 494 2373 amplius
510 2287 741 2352 condemnaret.
771 2287 853 2351 Nam
866 2289 950 2352 inter
963 2287 1124 2354 hominem
1138 2292 1170 2349 at
1185 2284 1345 2349 diabolum
1360 2290 1429 2348 erat

258 2389 401 2456 Christus
416 2389 539 2454 auditor
553 2393 670 2474 pariter
685 2396 716 2454 ct
731 2391 825 2457 iudex
847 2392 1038 2456 iustissimus
1055 2395 1087 2452 et
1101 2389 1201 2454 bonus
1217 2389 1251 2451 in
1266 2385 1426 2452 omnibus.

257 2493 372 2558 Itidem
387 2499 419 2556 ct
433 2493 554 2558 homini
569 2490 697 2577 quidem
719 2495 753 2556 in
773 2491 895 2557 modico
910 2493 922 2532 ³
928 2495 1074 2577 peccanti
1088 2511 1152 2556 non
1167 2492 1323 2576 pepercit,
1346 2488 1427 2553 dans

257 2597 462 2664 nihilominus
484 2601 516 2658 ct
536 2595 609 2660 huie
630 2583 817 2677 condignam
836 2597 1027 2660 sententiam
1047 2596 1135 2660 iuxta
1159 2599 1324 2679 peccatum
1343 2591 1427 2676 quod

256 2818 272 2872 ⁵
326 2751 348 2802 1.
366 2749 522 2871 ponderemur
539 2749 573 2801 A.
632 2745 886 2802 adescancastre.
938 2746 962 2800 3.
981 2745 1079 2800 crimen
1096 2746 1130 2799 A.
1187 2745 1212 2800 l.
1230 2743 1373 2817 prodeunte
1390 2743 1426 2800 A.

275 2834 393 2890 .poccar
433 2857 439 2872 .

255 2974 335 3026 etiam
344 2973 377 3025 ad
386 2974 487 3025 maiora
494 2973 593 3026 crimen
602 2973 632 3038 (1.
638 2971 759 3040 erimina)
769 2971 821 3024 alia
863 2972 903 3025 Ad
915 2971 941 3025 id
971 2972 1022 3026 uod
1034 2971 1151 3041 sequitur
1167 2969 1198 3022 de
1209 2969 1339 3024 sententia
1350 2973 1377 3020 at
1387 2968 1428 3022 iu-

254 3041 821 3124 invenireteumprodeuntaaetateampliore
864 3041 930 3122 dicio
953 2989 1065 3121 diaboli,
1092 3055 1142 3160 opo
1168 3037 1270 3090 ndatnr
1293 3037 1428 3118 mancare

255 3109 821 3297 lrttlltttttlrttptttttrl
863 3107 1428 3254 tlltttrltrtltttttatr:

255 3245 605 3314 naret,’'eirnileestaiquod
629 3247 753 3314 abetcap.
765 3244 820 3297 132.
862 3246 944 3298 lineat
955 3245 1016 3298 trita
1026 3245 1072 3296 illa
1080 3249 1197 3296 ueterum
1206 3259 1259 3295 non
1268 3257 1358 3311 penora
1368 3258 1427 3294 sen-

256 3315 288 3368 do
306 3313 369 3368 (lein
386 3319 501 3384 peccato,
517 3313 563 3366 ubi
581 3313 643 3366 dicit
660 3329 719 3366 eum
736 3327 820 3365 corre·
863 3315 958 3378 tentia,
977 3313 1110 3366 diabolum
1123 3311 1240 3366 nondum
1252 3310 1428 3363 damnationis

255 3389 330 3454 ptum
341 3399 358 3434 a
366 3382 479 3444 domino,
491 3388 543 3447 ,at
554 3382 578 3435 ai
586 3382 683 3434 tructus
693 3381 822 3434 bonerum
863 3397 927 3435 auae
939 3381 1069 3451 accepisse
1081 3380 1246 3443 sententiam,
1262 3395 1347 3448 nequa
1359 3393 1427 3432 sem·

256 3467 365 3521 operum
382 3451 414 3502 de
426 3456 511 3502 cetero
528 3467 588 3504 enm
600 3455 764 3518 sequeretur,
781 3465 821 3502 re·
863 3449 1137 3520 piterniecruciatibua
1144 3445 1428 3511 addictumsediuex·

255 3521 407 3574 missionem
420 3519 487 3570 tanti
498 3519 603 3571 sceleris
620 3524 690 3571 esset
706 3519 763 3570 sine
775 3518 821 3570 du·
862 3525 946 3572 traam
967 3517 1061 3570 iudicio
1079 3517 1105 3570 id
1123 3533 1183 3570 enm
1200 3533 1258 3570 esse
1293 3531 1428 3578 assurum

256 3590 299 3641 bio
312 3586 489 3657 accepturus.”
506 3587 592 3640 Verba
601 3603 677 3667 porro
689 3587 735 3638 illa
747 3603 821 3656 ,pro·
864 3586 925 3640 dicit
939 3587 1009 3640 enim
1021 3585 1188 3638 Philaetrius:
1212 3533 1352 3650 ,Dialolne
1365 3600 1428 3636 curn

256 3657 351 3710 deuote
363 3661 448 3710 aetate
456 3655 597 3735 amplicre''
608 3655 722 3708 indicare
733 3655 820 3707 sicca
864 3655 950 3708 durior
962 3654 995 3706 ad
1007 3653 1193 3724 paenitentiam
1223 3651 1359 3715 arridetur,
1370 3668 1428 3704 ma·

256 3733 298 3778 tor
314 3724 481 3777 Philaenium
498 3739 526 3776 rn
543 3739 575 3776 aa
590 3723 671 3776 tuisse
683 3723 820 3786 sententia,
863 3724 945 3776 iorem
964 3723 1046 3776 fntrrri
1062 3721 1151 3776 indicii
1167 3738 1184 3774 a
1200 3669 1302 3777 duroto
1320 3720 1428 3774 domiuo

256 3811 324 3863 quae
336 3794 429 3846 asserit
440 3792 538 3862 primos
574 3797 675 3844 manua
692 3792 720 3843 ln
732 3790 821 3870 adulta
863 3791 1014 3844 servitutem
1025 3794 1145 3858 (ferrarea
1157 3791 1287 3857 leocadium
1303 3789 1428 3842 reverita·

256 3868 341 3915 aetate
353 3862 421 3915 haud
434 3866 546 3923 creatos;
556 3809 631 3912 lanc
644 3865 732 3912 antem
742 3859 822 3911 tradrt
863 3859 928 3926 tem)
940 3859 1089 3929 expectat;''
1104 3857 1137 3911 de
1172 3875 1206 3910 uo
1218 3856 1343 3910 ridendus
1355 3857 1427 3910 Mas-

255 3931 378 3984 lrenaene
394 3930 438 3982 lib.
451 3929 494 3982 ΠΙ.
507 3945 563 4010 cap.
577 3927 821 3991 ⁸22.n.4.,cnilioet
863 3933 953 3980 suetus
970 3927 1004 3979 ad
1014 3925 1151 3980 Irenaeum
1179 3927 1212 3979 Ἰ).
1227 3925 1259 3979 V.
1277 3941 1333 3994 cap.
1346 3924 1386 3976 26.
1420 3963 1428 3978 .

256 4017 309 4052 non
335 4000 432 4052 multos
454 4003 662 4068 patrocinaturos
686 3995 742 4048 lore
760 4013 820 4076 pro·
863 3995 930 4060 324,
948 3995 1063 4064 itemque
1080 3995 1179 4048 dissert
1196 3993 1230 4059 3.,
1252 4009 1319 4062 quae
1336 3997 1376 4045 eet
1393 3943 1428 4046 <la

256 4067 517 4120 rrunnerrdassuerua
533 4065 651 4118 adhunc
668 4063 767 4116 Irenaer
783 4065 820 4116 lo·
862 4063 962 4118 hennei
985 4064 1102 4116 doctrina
1124 4068 1171 4115 art.
1195 4063 1218 4114 9.
1239 4079 1265 4114 n.
1285 4059 1341 4115 108.
1361 4060 1429 4126 109,

256 4152 329 4199 cnm,
347 4151 406 4188 eam
426 4143 515 4188 tamm
531 4151 564 4187 ex
584 4149 655 4186 resse
671 4133 746 4185 docet
764 4131 820 4186 Ole-
862 4132 1049 4186 Fenerdentius
1062 4133 1157 4184 Anact.
1172 4131 1205 4184 ad
1216 4130 1353 4183 [reanum
1365 4127 1428 4182 edit.

256 4220 330 4256 mene
347 4203 539 4256 Alexandrinus
577 4206 682 4272 rotrept.
701 4217 731 4253 ca
750 4239 756 4254 .
772 4201 819 4264 ll.,
863 4201 1017 4270 Massuetip
1055 4201 1111 4252 .ll.
1124 4205 1150 4252 et
1162 4199 1225 4263 198,
1238 4199 1277 4250 uti
1288 4199 1367 4250 etiam
1379 4197 1429 4250 Pe·

256 4273 303 4324 uhi
313 4271 345 4323 de
356 4269 441 4322 Adam
457 4273 504 4324 altr
525 4270 612 4340 „llapal
629 4287 670 4322 arc
685 4218 820 4350 larllrplaro
862 4270 949 4322 tarius
965 4275 1027 4322 tom.
1082 4267 1227 4337 ‚Dogmat
1243 4265 1333 4319 Thecl.
1349 4267 1393 4319 lib.
1407 4265 1428 4320 1.

256 4336 508 4458 pbappr,’'dipcmtpue
525 4338 614 4458 Thppp
633 4335 836 4458 “ιι(ο)ῐιὲὴιιῐᾶοοὶι.Ι
863 4337 899 4460 dg
912 4338 1019 4458 illngpllis
1037 4353 1094 4407 cap.
1111 4336 1136 4390 8.
1154 4343 1179 4389 et
1195 4336 1240 4389 lib.
1257 4333 1309 4399 lll,
1327 4350 1384 4406 cap.
1401 4335 1428 4388 4.

258 4423 348 4552 (licem
357 4413 596 4552 guaduldayocdllam
610 4421 684 4542 ligno
697 4421 822 4526 acidula:
863 4407 870 4474 ί
901 4410 1020 4578 {0232ch
1041 4507 1098 4562 Gen
1118 4505 1154 4560 m
1174 4505 1207 4559 ῃ

257 4555 328 4596 reeca
344 4547 498 4610 acquirant,
516 4555 579 4610 quta
597 4537 646 4606 ,ἔτι
663 4541 747 4606 νήπιος
764 4535 818 4607 lo?
920 4547 927 4561 ·
1100 4547 1106 4560 ·
1155 4546 1161 4562 ·
1208 4545 1215 4558 ·
