3120 4994
516 313 666 358 muscosus
680 311 914 356 enarraremus.
1046 351 1050 367 ι
1232 310 1295 378 295

132 493 211 538 men
231 473 445 539 circumscribi
464 473 532 538 loco
554 477 586 538 et
605 473 734 555 finibus,
753 473 836 537 sieut
853 468 994 554 angelos,
1014 469 1127 572 quibus
1145 466 1222 533 licet
1238 487 1296 552 per

133 576 332 643 celeritatem
346 581 475 642 naturae
489 576 637 661 possibile
659 577 700 639 sit
713 574 803 638 facile
824 573 863 640 de
883 573 950 638 loce
970 571 1010 637 ad
1029 571 1134 636 locum
1151 572 1296 652 umere,

132 685 244 745 tamen
266 701 338 746 cum
359 678 434 744 alibi
456 681 534 762 sint,
555 678 682 744 ²eadem
701 677 909 764 possibilitate
929 675 1005 742 alibi
1027 695 1080 740 eos
1100 673 1210 739 adesse
1230 693 1294 738 non

131 803 241 868 posse,
261 781 343 847 unde
358 783 664 848 circumscribuntur.
698 780 901 846 localitatem
920 781 1044 866 spiritui
1062 782 1170 842 sancto
1190 775 1294 858 adsig-

131 891 226 966 nant,
241 888 383 970 quamvis
395 884 483 950 ³emn
495 887 554 950 rati
566 887 714 950 creaturis
728 886 839 949 ceteris
849 886 1009 969 potiorem.
1034 879 1197 958 Quaelibet
1207 899 1294 944 crea-

130 995 209 1052 tura
222 988 277 1052 illa
290 991 391 1074 potior
406 991 457 1071 sit,
472 991 531 1052 etsi
546 991 575 1052 ei
589 1009 662 1074 prae
677 987 791 1052 ceteris
806 987 986 1069 adsignetur
999 989 1148 1070 potestas,
1168 1003 1232 1046 una
1245 987 1293 1045 ta·
1312 1027 1314 1032 -

130 1111 213 1156 men
232 1091 278 1154 illi
300 1111 371 1155 cnm
391 1094 436 1156 eis
457 1091 633 1156 substantia
651 1097 708 1156 est.
744 1089 851 1154 Dividi
871 1091 954 1154 enim
979 1093 1122 1152 creatura
1140 1089 1294 1171 potestate

131 1200 257 1279 potest,
277 1215 340 1258 non
360 1213 482 1276 genere.
520 1193 610 1260 Unde
629 1195 774 1279 spiritum
794 1197 938 1257 sanetum
957 1197 1132 1256 creaturam
1154 1187 1294 1252 dicentes

121 1296 205 1362 'loco
229 1302 261 1360 et
283 1301 435 1382 potestate
456 1297 613 1362 subtiliter
640 1296 913 1377 circumscribunt,
933 1297 1107 1381 potentiam
1127 1294 1294 1356 sitantum

132 1419 213 1486 prae
229 1401 341 1462 ceteris
355 1399 530 1464 tribuentes
546 1401 803 1484 omnipotentiam
818 1399 971 1463 auferunt.

202 1501 368 1566 Chiliastae
384 1501 493 1566 dicunt
505 1521 635 1584 regnum
647 1501 822 1566 seculorum
835 1503 869 1565 in
885 1521 977 1564 carne
990 1518 1137 1564 carneum
1146 1499 1296 1580 futurum,
1313 1508 1365 1570 9⁸1³·
1377 1507 1440 1550 ω·

131 1603 278 1670 volentes
305 1625 431 1668 carnem
458 1611 596 1669 nostram
622 1607 803 1670 innovatam
824 1606 963 1696 recipere
991 1601 1173 1688 spiritalem.
1225 1599 1295 1665 lSic

133 1709 238 1773 bonae
253 1713 354 1772 terrea
370 1707 506 1771 carnalia
521 1707 687 1772 carnaliter
705 1728 761 1793 per
774 1707 860 1772 mille
875 1727 973 1771 annes
988 1705 1144 1770 adserunt
1161 1702 1294 1768 mandu-

134 1809 247 1878 canda.
283 1809 451 1892 Dionysius
471 1809 702 1874 Alexandrinus
723 1812 902 1896 episcopus,
919 1809 1060 1890 Origenis
1080 1806 1216 1888 auditor,
1238 1804 1294 1870 ad·-

130 1933 246 1978 versus
266 1912 417 1998 Nepotem
437 1915 618 1998 episcopum
636 1913 773 1977 haeresis
792 1913 884 1976 huius
905 1915 1061 1976 auctorem
1081 1911 1221 1994 scripsit,
1241 1910 1295 1992 qui

131 2013 224 2084 mille
244 2035 397 2080 annorum
417 2015 573 2100 corporale
595 2015 710 2080 Christi
731 2035 861 2098 regnum
879 2015 1019 2083 futurum
1040 2014 1105 2076 suis
1132 2013 1295 2096 scripturis

132 2117 309 2186 adseverat.
346 2118 382 2182 In
402 2120 514 2202 quibus
529 2124 561 2182 et
576 2119 614 2188 de
629 2118 817 2204 Apocalypsi
837 2117 961 2182 loannis
977 2115 1214 2199 diligentissime
1230 2113 1294 2178 dis·

132 2225 275 2310 putavit,
295 2227 328 2287 et
342 2223 447 2286 omnia
460 2219 524 2288 illic
540 2221 721 2308 aspicienda
741 2220 908 2308 spiritalia,
930 2241 993 2286 non
1006 2217 1211 2302 intelligenda
1226 2237 1294 2284 esse

133 2323 282 2392 canalia.
1292 2381 1294 2389 .

199 2426 369 2509 Donatum,
384 2449 403 2490 a
418 2448 477 2512 quo
493 2423 679 2493 ¹Donatiani
693 2449 748 2513 per
762 2429 902 2494 Africam
917 2428 975 2494 sub
991 2426 1196 2492 Constantino
1212 2424 1294 2490 Con·
1313 2447 1364 2502 css.
1377 2447 1453 2492 xrar.

133 2531 314 2614 ameoqm
334 2531 539 2616 principibus,
559 2532 698 2596 adseruit
711 2530 748 2596 ²a
762 2535 877 2596 nostris
900 2534 1070 2616 scripturas
1091 2532 1125 2594 in
1146 2549 1293 2615 persecud

134 2635 222 2699 tione
230 2631 670 2716 ethnicisitraditas,ettotam
678 2655 777 2720 paene
785 2635 925 2700 Africam
934 2636 1107 2698 etmaxime
1115 2633 1295 2698 NumidIam

133 2757 195 2802 sua
209 2737 410 2822 persuasione
423 2737 554 2822 decepit
576 2739 708 2802 Restant
718 2741 785 2804 eius
795 2737 895 2802 multa
906 2737 945 2804 ad
956 2757 1046 2803 suam
1057 2736 1212 2800 haeresim
1222 2755 1294 2821 per·

133 2841 281 2920 tinentia,
296 2845 328 2902 st
343 2839 380 2903 de
396 2839 514 2924 Spiritu
529 2839 644 2905 Sancto
660 2841 756 2904 ⁴liber
770 2841 885 2904 Ariane
901 2840 1037 2924 dogmati
1053 2841 1261 2904 consentiens.

201 2941 492 3024 Circumcelliones,
512 2961 589 3026 quos
609 2941 817 3030 ¹Gotispitas·
837 2949 965 3026 vocant,
985 2943 1078 3008 huius
1098 2943 1295 3028 supradictae
1313 2949 1365 3010 ⁰⁸1³·
1378 2948 1463 2994 ¹¹¹³·

134 3046 276 3112 haeresis
290 3043 426 3110 ²habent
441 3045 641 3112 docorrnama
678 3045 741 3112 Suc
755 3053 874 3132 autem,
890 3046 1128 3132 qnae-omnibus
1143 3052 1218 3112 nota
1237 3051 1295 3129 est,

188 3214 212 3267 2.
224 3213 315 3268 eadem
330 3216 503 3285 possibilitate
525 3235 576 3285 eqo.
594 3223 621 3269 et
631 3216 700 3270 hunc
716 3217 924 3288 impossibilitate
937 3218 1002 3269 ilco.
1021 3223 1051 3270 ut
1067 3216 1136 3271 hunc
1148 3216 1175 3269 in
1186 3216 1297 3286 possibi-

133 3285 207 3406 bum
221 3283 324 3337 Cotelcr.
337 3287 353 3337 I.
364 3287 380 3339 I.
388 3303 418 3356 p.
432 3284 489 3340 782.
542 3285 565 3338 3.
579 3302 637 3340 eum
650 3287 699 3340 rati
711 3289 833 3341 creaturIs
850 3305 901 3357 eqo.
914 3304 974 3340 eum
986 3291 1161 3342 creaturarum
1173 3284 1297 3340 creaturis

164 3369 204 3410 err.

188 3421 250 3492 Gap.
261 3421 352 3477 XXX.
366 3451 399 3460 —
413 3423 434 3476 l.
447 3421 490 3475 Sic
503 3441 555 3492 eye.
574 3423 626 3476 Sed
637 3423 705 3478 Men.

187 3489 674 3559 Gap.XXXI.—1.D0nauamrrea.
721 3491 1106 3564 2.nostrisascripturisl!en.
1155 3491 1179 3547 3.
1191 3489 1295 3544 traditio

133 3557 204 3612 Men.
257 3559 281 3610 4.
294 3559 404 3612 libenter
415 3559 488 3612 Arrio
502 3559 623 3630 dogmate
635 3561 702 3613 dien.

188 3625 250 3745 Opp.
262 3627 374 3680 XXXII.
388 3658 421 3666 —
444 3628 465 3680 l.
480 3627 622 3698 Getispitas
633 3631 700 3681 Men.
725 3627 831 3682 Scototo
852 3630 901 3681 itas
920 3629 1024 3683 Coteler.
1038 3629 1112 3685 Ecrl.
1129 3630 1174 3683 Gr.
1187 3627 1297 3681 Monam.

135 3704 193 3748 tem.
227 3735 235 3759 ‚

134 3763 219 3816 mina
266 3695 342 3750 .789.
371 3693 502 3767 Compitas
522 3697 628 3750 Febris.
646 3701 683 3751 od
693 3697 817 3751 Ptilaarr.
859 3696 1003 3770 ncr.85.p.
1019 3697 1074 3750 163.
1126 3696 1297 3752 2.habetd0·

259 3781 296 3815 en.

171 3915 232 3987 Gap.
244 3916 345 3970 XXXI.
362 3949 395 3959 -
417 3935 440 3974 a.
452 3919 581 3992 Donatus]
603 3920 691 3976 Hiero·
761 3921 839 3992 vCap.
851 3921 965 3976 XXXII.
978 3951 1011 3962 -
1032 3935 1056 3974 a.
1075 3919 1230 3990 Getiepitae]
1255 3919 1297 3973 ln·

135 4001 232 4054 aymus
244 3985 282 4038 De
295 3985 398 4056 Scriptt.
409 3987 477 4041 Ecel.
495 4007 516 4042 c.
529 3989 570 4042 93.
590 3989 691 4055 ,Dona
742 3995 838 4044 iactam
850 3991 896 4042 reli
916 3992 942 4042 ui
959 3989 1026 4042 hanc
1039 3989 1201 4059 scripturam.
1222 3989 1253 4042 V.
1266 3987 1297 4041 de

133 4059 191 4118 tus,
209 4069 289 4123 aquo
306 4055 447 4108 Donatiani
457 4073 502 4126 per
519 4057 633 4110 Africam
642 4059 690 4111 sub
742 4057 791 4111 hoc
803 4064 888 4111 sectae
897 4008 1058 4111 ilenatianac
1069 4057 1174 4110 nomine
1183 4057 1202 4109 I.
1211 4055 1242 4110 B.
1249 4056 1297 4110 Oo-

135 4121 306 4176 Gonstantino
319 4123 520 4194 Constantioqua
532 4127 691 4196 principibus
741 4127 813 4180 teler.
837 4128 870 4179 ad
892 4127 928 4179 lo.
945 4127 1098 4182 Damascen.
1116 4125 1191 4179 Haer.
1208 4125 1248 4178 95.
1269 4126 1297 4178 in

134 4190 690 4264 pullulaveruntasserensanostrisscrlptu·
741 4195 810 4248 Eecl.
830 4195 873 4249 Gr.
886 4197 1003 4248 Menum.
1021 4201 1082 4248 tom.
1096 4193 1254 4276 1.,p.7se.‚
1272 4201 1299 4247 et

134 4259 398 4329 resinpersecuticne
409 4262 517 4315 ethnicis
528 4263 642 4327 traditas,
652 4269 699 4314 toa
741 4279 808 4333 quae
821 4264 978 4316 adnotarunt
988 4263 1148 4315 Benedictinr
1164 4261 1198 4314 ud
1209 4263 1298 4333 Augu·

134 4332 190 4379 tam
201 4343 284 4397 paene
295 4329 423 4396 Africam,
440 4336 466 4382 et
477 4333 591 4384 maxIme
603 4331 692 4384 Numi·
744 4333 806 4384 stini
817 4331 897 4400 Epist.
913 4331 976 4398 iet,
989 4331 1034 4383 ubi
1045 4332 1071 4382 in
1102 4332 1213 4400 larisque
1224 4331 1298 4385 libris

134 4396 214 4460 diam,
226 4413 275 4449 sua
285 4400 453 4466 persuasIone
465 4399 571 4469 decepit.
595 4398 693 4452 Extant
742 4417 805 4452 ross.
822 4401 945 4469 scriptum
963 4405 1065 4464 extat'„
1098 4401 1246 4453 onteneium
1256 4401 1299 4453 nel

135 4465 191 4518 eius
203 4465 287 4518 multa
298 4465 331 4518 ad
343 4483 418 4520 suam
427 4467 554 4520 haeresim
563 4469 692 4538 pertinen·
744 4469 819 4520 Ostra
839 4467 955 4522 iroraor.”

135 4535 173 4586 tia
185 4535 319 4602 opuscula,
331 4541 357 4586 st
365 4535 395 4586 de
406 4535 504 4604 Spiritu
514 4537 610 4590 Sancto
619 4538 691 4602 liber,
778 4538 802 4589 b.
818 4487 916 4590 dabant
927 4535 1082 4604 doctrinam]
1104 4535 1194 4590 lsidcr.
1208 4536 1297 4606 Origg.

134 4602 231 4656 Ariane
244 4603 360 4672 dogmati
371 4605 542 4675 congruerrs.”
744 4605 810 4673 Vlll,
822 4606 846 4672 5,
858 4606 898 4660 53.
913 4607 1153 4674 ,Circumcelliones
1165 4605 1225 4660 dicti
1237 4611 1299 4662 sunt
