3112 4986
184 299 192 310 ,
267 262 329 327 200
772 255 924 300 rueusruu

269 417 450 482 charistiam
465 415 670 480 sanctificare.
702 413 835 492 Quidam
850 411 961 478 dicunt
975 417 1053 478 istos
1068 412 1199 498 OphItas
1214 433 1253 478 ex
1266 410 1430 480 Nicolaitis

269 523 333 584 sive
351 517 507 583 Gnosticis
523 519 680 599 extitisse,
701 522 733 580 et
751 537 807 602 pcr
829 537 936 582 eorum
954 515 1097 582 fabulosa
1116 517 1265 600 figmenta
1284 517 1324 582 ad
1344 516 1430 582 colu·

270 623 360 690 hrum
375 621 540 686 colendum
556 621 652 684 icisse
667 625 863 706 perventum.

107 741 157 793 cto·
171 741 251 784 svin.
332 725 439 788 Caiani
460 731 625 810 propterea
645 725 690 788 sic
706 723 865 808 appellati,
881 726 1028 808 quoniam
1043 724 1120 787 Cain
1134 721 1306 804 honorant,
1322 723 1430 788 dioen-

268 833 314 890 tes
331 849 402 891 enm
417 827 605 891 fortissimae
618 847 686 890 esse
703 829 836 890 virtutis.
867 827 967 892 SImul
982 833 1013 890 et
1027 826 1136 890 Iudam
1152 826 1334 898 traditorem
1350 827 1430 890 diri·

268 951 343 994 num
358 930 476 1014 aliquid
492 936 604 1014 putant
618 951 704 1010 csso,
719 937 751 994 et
765 930 867 994 scelus
883 931 949 994 eius
965 930 1153 994 beneficium
1166 929 1329 1014 deputant,
1343 949 1430 992 asse·

268 1040 371 1097 rentes
387 1053 460 1096 eum
474 1034 647 1116 praescisse
663 1039 815 1116 quantum
830 1039 913 1096 esset
927 1035 1032 1116 generi
1047 1032 1182 1096 humano
1196 1031 1312 1096 Christi
1326 1035 1430 1118 passio

267 1136 438 1220 profutura,
454 1141 486 1198 et
500 1135 706 1200 occidendum
720 1133 844 1200 Iudaeis
860 1143 1024 1220 propterea
1038 1135 1213 1200 tradidisse.
1236 1135 1310 1199 Illos
1326 1138 1431 1216 etiam,

268 1240 320 1322 qui
337 1237 474 1302 schisma
488 1239 639 1302 iacientes
655 1239 687 1300 in
702 1241 803 1322 primo
818 1237 933 1323 populo
950 1238 1000 1302 dei
1015 1249 1098 1302 terra
1113 1237 1294 1304 dehiscente
1311 1239 1320 1276 ¹
1327 1240 1430 1322 perie-

268 1347 351 1421 runt,
364 1347 396 1403 et
405 1341 581 1406 Sodomitas
591 1341 691 1406 colere
703 1340 916 1424 perhibentur.
938 1341 1282 1424 Blasphcmantlogem,
1294 1347 1326 1404 et
1338 1341 1431 1406 deum

268 1442 344 1526 leqis
361 1451 520 1508 auctorem
536 1446 700 1526 carnisque
716 1446 976 1508 resurrectionem
990 1449 1114 1525 negant.

130 1547 180 1600 ΟΨ
193 1547 262 1588 mr
332 1545 474 1610 Scthiani
490 1568 604 1612 nomen
619 1554 807 1632 aeceperunt
821 1569 839 1610 a
855 1546 916 1610 IiIio
932 1545 1036 1626 Adae,
1057 1547 1109 1628 qni
1130 1551 1259 1610 vocatus
1275 1551 1324 1610 est
1339 1546 1430 1624 Setb3

268 1670 340 1712 enm
356 1651 470 1734 quippe
487 1649 657 1730 honorant,
678 1649 733 1712 sed
755 1649 897 1714 sabulosa
912 1656 943 1711 et
957 1647 1115 1712 haeretica
1131 1635 1278 1712 vanitate.
1315 1649 1432 1714 DIcunt

267 1753 352 1818 enim
375 1773 447 1814 oum
470 1751 507 1814 do
530 1759 1038 1837 supernamat1·enatum,quam
1061 1751 1226 1836 perhibent
1248 1755 1430 1817 convenisse

268 1876 339 1919 curn
348 1875 482 1938 superno
495 1861 593 1940 patre,
608 1855 691 1918 unde
704 1855 845 1920 dirinum
857 1876 966 1918 semen
977 1853 1061 1918 aliud
1073 1860 1264 1936 nasceretur,
1279 1861 1430 1939 tanquam

268 1957 402 2021 soliorum
417 1957 476 2020 dei.
500 1959 541 2021 III
556 1978 677 2042 qnoque
692 1957 792 2022 multa
808 1946 852 2022 de'
860 1957 1087 2044 prIncipatibus
1103 1964 1135 2020 et
1149 1959 1358 2042 potestatibus
1374 1979 1427 2023 va·

268 2063 398 2124 nissiora
412 2058 600 2126 fabulantur.
638 2061 771 2137 Quidam
791 2081 844 2125 cos
866 2060 975 2124 dicunt
990 2059 1063 2126 Sem
1078 2060 1176 2126 tilium
1190 2061 1256 2126 Noe
1271 2060 1431 2126 Christum

267 2170 386 2248 putore.

141 2285 191 2336 ces.
206 2284 249 2326 ra
331 2266 511 2331 Archontiei
532 2289 551 2330 a
570 2266 764 2351 principibus
790 2265 936 2351 appellati
959 2268 1210 2347 universitatem,
1236 2286 1330 2350 quam
1354 2267 1430 2334 deus

268 2369 419 2451 condidit,
434 2389 527 2454 opera
542 2389 611 2434 esse
626 2371 805 2454 principum
820 2369 938 2434 dicunt.
973 2369 1147 2454 Operantur
1163 2371 1256 2434 etiam
1272 2370 1430 2453 quandam

268 2473 504 2558 turpitudinem.
528 2471 800 2536 Resurrectionem
816 2471 919 2538 carnis
934 2479 1060 2554 negant.

131 2593 181 2645 cop.
195 2594 250 2635 xxr.
332 2576 518 2640 i'erdoniani
537 2597 556 2638 a
576 2575 716 2638 Cerdone
731 2577 898 2657 nominati,
922 2577 975 2658 qui
990 2575 1050 2638 dno
1065 2576 1221 2660 principia
1240 2575 1302 2640 sibi
1316 2569 1427 2642 adier-

267 2682 370 2743 santia
384 2679 621 2760 dogmatisavit,
642 2677 796 2762 deumque
817 2677 894 2760 legis
915 2699 951 2742 ac
972 2677 1193 2762 prophetarum
1208 2700 1271 2743 non
1287 2699 1356 2744 esse
1372 2701 1427 2764 pa·

268 2789 347 2846 trem
364 2782 490 2863 Christi,
506 2802 563 2846 neo
579 2781 696 2846 benum
712 2780 805 2844 deum
816 2801 897 2860 esse,
911 2779 968 2844 sed
979 2782 1107 2861 iustum,
1121 2786 1244 2866 patrem
1255 2803 1327 2846 vere
1339 2782 1429 2846 Chri·

269 2887 309 2948 sti
326 2885 458 2966 bonum,
480 2884 699 2968 Christumque
718 2885 822 2968 ipsum
840 2889 950 2948 natum
964 2904 1003 2948 ex
1022 2883 1139 2948 fomIna
1162 2903 1262 2968 neque
1282 2883 1430 2948 hahuisse

270 3007 409 3066 carnem,
430 3007 487 3050 nec
510 3007 581 3050 vere
602 2993 759 3050 mertuum
777 2985 828 3050 veI
849 2989 1015 3070 quicquam
1030 3007 1174 3071 passum,
1194 2986 1250 3050 sed
1265 2986 1430 3052 simulasse

270 3091 457 3174 passionem.
495 3089 627 3166 Quidam
643 3109 716 3154 vero
737 3091 770 3152 in
791 3089 911 3154 duobus
931 3091 1093 3174 principiis
1116 3091 1181 3154 suis
1203 3089 1280 3153 duos
1296 3089 1432 3154 densita

272 3211 344 3255 eum
360 3191 475 3254 dixisse
487 3191 664 3275 perhibent,
679 3198 714 3254 ut
725 3213 805 3256 unus
818 3213 923 3256 eorum
936 3197 1020 3256 esset
1030 3191 1141 3274 bonus,
1156 3191 1235 3257 alter
1246 3198 1349 3256 autom
1361 3213 1430 3257 ma-

271 3294 329 3358 Ius.
365 3293 635 3358 Resurrectionem
649 3301 844 3360 mortuorum
858 3301 967 3378 negat,
982 3315 1133 3379 spernens
1149 3297 1242 3360 etiam
1257 3301 1430 3362 testamen·

271 3383 338 3462 turn
353 3401 453 3460 vetus.
572 3453 575 3462 .

121 3519 171 3571 esp.
186 3517 253 3558 xxn.
334 3499 472 3563 Marcion
494 3519 625 3582 quoque,
646 3521 664 3563 a
687 3520 746 3584 qno
769 3500 969 3564 Marcionitae
992 3499 1140 3585 appellati
1163 3507 1252 3580 sunt,
1279 3499 1430 3566 Cerdonis

272 3609 399 3666 secutus
413 3609 460 3665 ost
472 3602 618 3686 dogmata
630 3603 977 3688 deduebusprIncipiis.
1002 3603 1149 3680 Quamvis
1157 3602 1349 3688 Epiphanius
1358 3625 1430 3668 oum

271 3707 332 3769 tria
347 3704 430 3768 dicat
445 3707 614 3768 asseruisse
630 3707 798 3790 prIncipia,
819 3705 1103 3788 bonum„iusrum,
1119 3727 1263 3790 pravum:
1280 3705 1335 3770 sed
1351 3706 1429 3770 ¹Eu·

273 3807 378 3871 sebius
394 3807 538 3871 Sincrum
554 3805 719 3890 quendam,
734 3829 796 3872 non
811 3808 1017 3889 Marcionem,
1032 3810 1126 3872 trium
1142 3810 1364 3893 principiorum
1380 3815 1429 3872 at-

273 3929 331 3994 quc
347 3916 529 3974 naturarum
543 3909 652 3974 scribit
666 3915 831 3974 auctorem.

115 4033 165 4084 cra
178 4031 255 4073 xrrn.
336 4011 489 4098 Apellitae
511 4017 584 4076 sunt
599 4031 730 4095 quorum
744 4011 870 4100 Apelles
890 4019 939 4076 est
952 4015 1115 4098 princeps,
1136 4015 1189 4098 qni
1210 4013 1287 4078 duos
1303 4013 1430 4098 quidem

274 4115 348 4180 deos
364 4114 544 4198 introducit,
559 4135 658 4180 unum
673 4114 800 4196 benum,
815 4115 945 4180 alterum
960 4113 1092 4180 maium:
1107 4135 1170 4181 non
1186 4121 1290 4180 tamen
1305 4116 1337 4181 in
1350 4117 1429 4184 due·

274 4273 374 4338 putant,
386 4265 569 4320 sanctificatas.
597 4265 713 4322 Tradunt
723 4266 800 4321 huius
813 4267 938 4339 serpentis
950 4269 1047 4322 cultum
1059 4285 1075 4321 a
1086 4267 1219 4322 Nicolaitis
1230 4268 1285 4321 sire
1298 4261 1431 4324 GnostioIs

274 4337 308 4390 ad
318 4338 383 4390 istos
395 4335 540 4388 deductum.
586 4333 693 4406 Beuod.)

343 4405 404 4474 Cap.
416 4403 509 4458 XVIII.
521 4432 554 4442 -
589 4403 669 4456 ,Post
683 4404 814 4526 perierunt
830 4405 893 4458 editi
909 4407 1007 4462 addunt
1022 4403 1112 4470 Chore,
1127 4403 1230 4460 Dathau
1241 4411 1268 4459 et
1278 4405 1390 4470 dhisum
1402 4409 1433 4460 id

240 4489 244 4504 ·
277 4469 510 4525 ”⁰³⁶⁸22'cMSSJ'
528 4469 649 4538 (Benaco
703 4471 1056 4546 remorsurum,

344 4539 406 4608 Cep·
417 4537 502 4594 XXII.
515 4569 548 4578 -
567 4539 589 4592 I.
600 4539 693 4594 Euseb.
705 4539 749 4592 lib.
761 4540 792 4604 V,
804 4555 859 4609 cap.
874 4539 912 4594 13.
