3120 4994
516 247 905 291 nrmnrnsmusnmnnuns.
1223 248 1285 314 319

128 409 259 487 gerunt,
281 406 418 491 recipere
441 403 583 472 nolentes
605 406 645 472 ab
667 405 817 474 ecclesiae
840 405 1058 471 communione
1079 407 1286 470 recesserunt.

128 506 225 572 Extat
239 506 388 574 adversus
403 529 456 574 eos
472 508 612 592 dialogus
626 509 711 574 beati
725 510 922 593 Hieronymi,
938 511 991 593 qui
1004 505 1181 572 intitulatur
1194 505 1287 572 Luci·

127 608 244 674 seriani
257 617 290 674 et
303 610 483 676 Ortbodoxi.

195 713 408 797 JEustatbiani
422 713 587 799 aquodam
596 714 758 780 Eustatbie
769 716 940 800 nuncupati
952 713 1191 799 omnesnuptias
1199 709 1288 776 dam·
1305 727 1356 780 cro
1367 725 1442 768 Μ·

128 821 296 898 naverunt,
310 815 393 882 unde
409 823 440 880 et
454 820 566 884 missas
581 815 849 904 ²presbyter0rum
864 823 936 882 ante
952 835 1057 882 sacros
1073 815 1197 882 ordines
1212 834 1287 880 con·

128 921 305 1002 iugatcrum
319 925 519 1005 spreverunt:
535 927 643 986 contra
657 941 734 1005 quos
750 920 941 988 celebratum
956 927 1005 986 est
1020 921 1198 1004 Gangrense
1213 936 1288 984 oon·

129 1021 251 1088 cilium.
761 1086 764 1098 ,

195 1123 314 1192 Horum
328 1130 360 1190 et
374 1146 482 1192 eorum
503 1147 580 1211 quos
600 1147 696 1211 supra
715 1125 850 1190 diximus
871 1126 1036 1192 ¹Tatian0s
1058 1131 1089 1190 et
1104 1124 1288 1192 Severianus
1306 1137 1356 1190 cnr·
1369 1135 1456 1178 nm

128 1227 388 1294 immoderantiae
402 1229 541 1294 medium
555 1229 695 1297 volentes
706 1230 971 1314 Iovinianistae,a
982 1227 1119 1312 quodam
1127 1227 1288 1294 Ioviniane

129 1329 285 1396 monacho
301 1330 388 1413 dicti,
404 1337 513 1396 contra
527 1352 620 1416 quem
631 1333 729 1396 sertin
740 1331 896 1414 egregium
908 1351 985 1416 opus
996 1332 1187 1414 Hieronymi,
1202 1348 1288 1394 asse·

130 1433 245 1498 rebant
258 1433 377 1508 nullam
391 1441 560 1519 nuptarum
580 1439 611 1500 et
624 1435 781 1517 virginum
801 1455 869 1499 esse
889 1433 1086 1516 distantiaru,
1107 1431 1289 1518 nullumque

130 1535 216 1600 inter
230 1535 424 1602 abstinentes
439 1542 470 1602 et
485 1536 672 1622 simpliciter
686 1537 849 1622 epulantes
864 1557 933 1602 esse
948 1537 1126 1602 discrimen.

195 1638 374 1704 Helvidiani
394 1639 433 1704 ab
453 1639 597 1704 Helvidio
617 1641 786 1722 nominati,
806 1660 899 1724 quem
919 1645 950 1704 et
972 1639 1076 1725 ipsum
1097 1643 1289 1704 contutatum
1307 1652 1358 1704 cur
1371 1651 1467 1694 mm·

130 1739 265 1824 legimus
279 1741 448 1808 fortissimo
458 1745 573 1827 scripto
585 1742 668 1808 beati
676 1743 868 1827 Hieronymi,
883 1741 992 1807 dieunt
1001 1748 1072 1828 pest
1083 1741 1289 1807 natumChri·

130 1849 218 1908 stum
232 1843 309 1908 alios
323 1843 453 1910 Mariam
469 1844 549 1909 filies
565 1847 603 1914 de
618 1845 684 1910 viro
700 1845 813 1930 Ioseph
827 1847 996 1932 peperisse.

194 1945 386 2029 Paterniani,
399 1969 419 2010 e
434 1947 569 2032 quodam
582 1948 715 2014 Paterno
731 1949 841 2030 exorti,
856 1948 1017 2014 inferiores
1033 1949 1169 2038 eorporis
1184 1953 1290 2034 partes
1307 1959 1358 2014 vnn
1373 1961 1446 2004 Μ·

130 2069 150 2112 a
165 2047 289 2114 diabolo
303 2049 402 2114 lactas
418 2052 594 2134 opinantur.

195 2150 334 2232 Arabici,
349 2154 521 2238 nuncupati
536 2153 575 2218 ab
591 2173 626 2217 co
643 2151 725 2237 quod
740 2155 774 2217 in
788 2152 906 2218 Arabia
921 2153 1021 2218 exorti
1036 2160 1124 2236 suut,
1145 2153 1292 2220 dicebant
1309 2167 1361 2218 cer·
1374 2167 1397 2208 ¹»

130 2255 272 2320 animam
287 2275 358 2319 curn
374 2275 501 2342 corpore
516 2257 595 2320 mori
609 2261 701 2340 atque
717 2257 750 2318 in
761 2255 931 2321 novissimo
943 2262 1109 2342 utrumque
1121 2276 1289 2340 resurgere.

196 2357 521 2422 ¹Tessaresdeeatitae
537 2357 613 2424 dicti
634 2357 716 2444 quod
737 2363 847 2442 quarta
862 2357 985 2424 decima
999 2357 1074 2424 luna
1087 2359 1205 2446 pascha
1219 2379 1292 2424 cum
1313 2371 1364 2425 ceo
1377 2371 1412 2414 ¹⁴1

130 2460 256 2546 Iudaeis
272 2460 502 2526 observandum
517 2461 718 2528 centendunt.

197 2563 369 2648 ¹Nyctages
390 2585 408 2630 e
429 2585 536 2630 somno
558 2566 746 2650 nuncupati,
767 2563 848 2649 quod
869 2563 991 2648 vigilias
1011 2567 1113 2630 noctis
1132 2569 1291 2650 respuant,
1308 2579 1359 2631 <ar
1374 2579 1420 2621 ¹111·

131 2669 389 2752 superstitionem
405 2687 474 2731 esse
490 2667 629 2732 dicentes
645 2669 712 2732 iura
726 2671 879 2732 temerare
895 2667 1016 2750 divina,
1037 2667 1091 2752 qni
1110 2672 1236 2732 noctem
1250 2667 1292 2732 ad

131 2773 276 2854 requiem
289 2769 409 2834 tribuit.
446 2769 564 2844 Horum
579 2775 687 2835 auctor
700 2769 888 2852 Vigilantius
903 2770 971 2852 luit,
987 2775 1095 2835 centra
1110 2791 1202 2855 quern
1216 2789 1290 2834 san·

132 2877 204 2936 ctus
219 2871 427 2955 Hieronymus
444 2871 584 2937 scribens
599 2873 702 2960 petius
722 2871 898 2937 vocandum
918 2879 1025 2962 conset
1037 2872 1290 2938 Dormitantium.

197 2973 366 3057 Pelagium,
380 2995 400 3038 a
413 2974 536 3058 Pelagio
552 2975 702 3040 monache
719 2977 827 3057 exorti,
842 2973 976 3040 liberum
990 2975 1155 3042 arbitrium
1166 2975 1291 3042 divinae
1310 2990 1361 3043 cer·
1375 2989 1434 3032 ¹³11

131 3075 251 3160 gratiae
263 3083 467 3162 anteponunt,
479 3077 617 3143 dieentes
629 3077 771 3142 sulficere
783 3077 976 3143 voluntatem
987 3079 1027 3144 ad
1038 3077 1197 3166 implenda
1207 3081 1293 3145 iussa

133 3179 252 3253 diuina.
273 3179 361 3244 Hane
378 3185 484 3244 autem
498 3179 641 3246 haeresin
656 3179 804 3246 videntur
817 3179 1024 3267 assumpsisse
1041 3203 1079 3244 ex
1090 3179 1223 3247 lectione
1235 3181 1291 3248 dc·

133 3287 256 3348 uterum
270 3282 390 3346 arbitrii
405 3282 581 3348 libertatem
597 3290 705 3348 contra
719 3283 955 3349 mathematicos
977 3291 1009 3348 et
1022 3283 1220 3352 Manichacus
1235 3285 1290 3352 de·

132 3385 334 3450 fensantium.
362 3383 534 3470 Postquam
549 3407 621 3451 vero
636 3385 879 3472 praedestinatio
896 3385 1020 3452 divinae
1035 3391 1153 3471 gratiae
1165 3409 1221 3473 per
1235 3409 1290 3452 au-

133 3489 294 3554 ctoritates
314 3487 524 3554 Romanorum
543 3489 742 3574 pontificum,
761 3489 910 3554 videlieet
928 3489 1120 3572 Innocentii,
1148 3489 1291 3572 ¹Zoeimi,

131 3589 288 3655 Bonilacii
303 3595 335 3654 et
346 3589 526 3674 Caelestini,
540 3591 616 3656 item
630 3612 686 3678 per
698 3591 825 3656 decreta
834 3591 975 3658 Africani
988 3591 1122 3675 concilii,
1137 3612 1196 3657 nec
1211 3589 1292 3658 'ooo

203 3775 407 3846 CapXLVl-
421 3775 745 3848 l.ltustasianiaqoodam
753 3777 955 3832 llustasioecdd.
982 3777 1289 3848 tpresbytrorumeoold.

202 3845 265 3916 Cap.
276 3845 379 3898 XLVII.
390 3875 424 3884 -
444 3846 466 3898 l.
478 3847 593 3900 tacianos
605 3849 679 3901 codd.

202 3912 264 3982 (lap.
276 3913 316 3966 Ll.
328 3945 361 3953 —
381 3915 402 3966 l.
415 3913 683 3968 Tbsesseresdceadite
695 3917 767 3968 cedd.

202 3981 264 4052 (lap.
276 3981 328 4034 LII.
340 4013 373 4023 -
393 3983 414 4035 l.
430 3981 571 4052 Nictanges
584 3986 656 4038 codd.
669 3984 845 4053 Repetendum
857 3992 919 4053 puto
930 3981 954 4036 N
973 3987 1057 4036 etaees
1069 3985 1109 4036 rel
1119 3981 1257 4052 Nystaeem
1275 3997 1292 4034 a

130 4046 246 4132 νυοτὰζῳ
258 4051 340 4103 verbo.
366 4051 425 4103 Alii
434 4053 565 4134 coluerunt
574 4049 750 4132 Nuntiatur,
773 4053 811 4132 Os.
825 4053 931 4132 laedor..
948 4121 953 4132 Ι
970 4051 1094 4134 esscclen
1108 4051 1179 4134 Qffie.
1193 4052 1233 4104 11.
1245 4051 1291 4106 22.

131 4117 1002 4258 cultult‘lutustitillat.subtulerint&
1015 4119 1292 4242 stultitius!

130 4273 202 4310 rem:
220 4257 264 4326 qui
281 4255 402 4309 baeretici
421 4257 517 4310 Graeco
535 4273 654 4310 sermone
670 4257 814 4326 Nyctages,
830 4253 879 4308 hoc
895 4261 935 4308 est
946 4257 1127 4324 somniculosi,
1145 4257 1292 4310 vocantur.”

131 4325 188 4378 Pro
200 4325 244 4394 qui
255 4331 357 4378 noctem
370 4325 402 4378 ad
413 4327 529 4395 requiem
540 4327 637 4390 tribuit,
643 4328 729 4393 focile
740 4335 779 4378 ert
787 4341 908 4394 reponere
924 4341 990 4396 quae
1006 4331 1109 4378 noctem
1127 4325 1160 4379 ad
1175 4326 1291 4396 requiem

131 4393 261 4458 tribuunt,
278 4395 330 4457 sed,
342 4403 414 4463 pato,
429 4397 540 4462 pecuina
555 4395 625 4445 roobia
641 4403 665 4445 et
681 4394 723 4445 lrs'c
741 4398 807 4445 etin
824 4393 923 4446 Isidori
933 4403 1035 4462 unoque
1047 4396 1100 4447 loeo
1111 4403 1216 4446 omaro
1226 4398 1291 4446 scri-

129 4471 214 4530 pturo
225 4471 268 4524 eet,
313 4479 344 4513 oe
355 4461 473 4514 sadelicet
479 4463 629 4532 perulerat
639 4479 669 4515 ea·
677 4463 760 4514 verbis
769 4461 855 4515 divina
862 4462 920 4516 iura
927 4472 1057 4534 repetatur
1064 4465 1211 4516 vocobulum
1220 4462 1291 4516 deus.

204 4529 266 4600 Cap.
277 4479 341 4583 llll.
355 4561 388 4572 -
407 4531 429 4584 l.
443 4529 541 4584 Zosimi
553 4531 625 4584 codd.
676 4529 940 4584 transierimus
950 4535 978 4585 io
990 4534 1062 4586 codd.
