<?xml version="1.0" encoding="UTF-8"?>
<!DOCTYPE html PUBLIC "-//W3C//DTD XHTML 1.0 Transitional//EN"
    "http://www.w3.org/TR/xhtml1/DTD/xhtml1-transitional.dtd">
<html xmlns="http://www.w3.org/1999/xhtml" xml:lang="en" lang="en">
 <head>
  <title>
</title>
<meta http-equiv="Content-Type" content="text/html;charset=utf-8" />
  <meta name='ocr-system' content='tesseract 3.04.00' />
  <meta name='ocr-capabilities' content='ocr_page ocr_carea ocr_par ocr_line ocrx_word'/>
</head>
<body>
  <div class='ocr_page' id='page_1' title='image "./corporishaerese04oehlgoog_0235.png"; bbox 0 0 3112 4986; ppageno 0'>
   <div class='ocr_carea' id='block_1_1' title="bbox 303 216 966 286">
    <p class='ocr_par' dir='ltr' id='par_1_1' title="bbox 303 216 966 286">
     <span class='ocr_line' id='line_1_1' title="bbox 303 216 966 286; baseline 0.009 -30"><span class='ocrx_word' id='word_1_1' title='bbox 303 223 365 286; x_wconf 72' lang='lat'><strong>212</strong></span> <span class='ocrx_word' id='word_1_2' title='bbox 812 216 966 262; x_wconf 68' lang='lat' dir='ltr'>AUGIMM</span> 
     </span>
    </p>
   </div>
   <div class='ocr_carea' id='block_1_2' title="bbox 123 373 1534 3858">
    <p class='ocr_par' dir='ltr' id='par_1_2' title="bbox 302 373 1459 664">
     <span class='ocr_line' id='line_1_2' title="bbox 302 373 1457 464; baseline -0.001 -25"><span class='ocrx_word' id='word_1_3' title='bbox 302 377 417 457; x_wconf 87' lang='lat' dir='ltr'><strong>tacuit,</strong></span> <span class='ocrx_word' id='word_1_4' title='bbox 437 381 469 440; x_wconf 93' lang='lat' dir='ltr'><strong>et</strong></span> <span class='ocrx_word' id='word_1_5' title='bbox 483 395 540 459; x_wconf 81' lang='lat' dir='ltr'><strong>ego</strong></span> <span class='ocrx_word' id='word_1_6' title='bbox 555 393 594 440; x_wconf 85' lang='lat' dir='ltr'><strong>ex</strong></span> <span class='ocrx_word' id='word_1_7' title='bbox 608 393 715 440; x_wconf 90' lang='lat' dir='ltr'><strong>eorum</strong></span> <span class='ocrx_word' id='word_1_8' title='bbox 735 373 923 458; x_wconf 86' lang='lat' dir='ltr'><strong>quibusdam</strong></span> <span class='ocrx_word' id='word_1_9' title='bbox 937 377 1063 464; x_wconf 87' lang='lat' dir='ltr'><strong>scriptis</strong></span> <span class='ocrx_word' id='word_1_10' title='bbox 1078 379 1111 442; x_wconf 91' lang='lat' dir='ltr'><strong>et</strong></span> <span class='ocrx_word' id='word_1_11' title='bbox 1124 374 1382 445; x_wconf 88' lang='lat' dir='ltr'><strong>oollooutionibns</strong></span> <span class='ocrx_word' id='word_1_12' title='bbox 1396 393 1457 440; x_wconf 89' lang='lat' dir='ltr'><strong>oer-</strong></span> 
     </span>
     <span class='ocr_line' id='line_1_3' title="bbox 304 477 1459 564; baseline -0.001 -22"><span class='ocrx_word' id='word_1_13' title='bbox 304 481 423 542; x_wconf 79' lang='lat' dir='ltr'><strong>tissime</strong></span> <span class='ocrx_word' id='word_1_14' title='bbox 440 480 587 563; x_wconf 92' lang='lat' dir='ltr'><strong>oomperi.</strong></span> <span class='ocrx_word' id='word_1_15' title='bbox 624 477 824 563; x_wconf 87' lang='lat' dir='ltr'><strong>Rebaptizari</strong></span> <span class='ocrx_word' id='word_1_16' title='bbox 846 499 968 564; x_wconf 88' lang='lat' dir='ltr'><strong>quoque</strong></span> <span class='ocrx_word' id='word_1_17' title='bbox 988 477 1028 544; x_wconf 88' lang='lat' dir='ltr'><strong>ab</strong></span> <span class='ocrx_word' id='word_1_18' title='bbox 1048 479 1098 543; x_wconf 82' lang='lat' dir='ltr'><strong>hIs</strong></span> <span class='ocrx_word' id='word_1_19' title='bbox 1119 479 1288 546; x_wconf 86' lang='lat' dir='ltr'><strong>oathohcos</strong></span> <span class='ocrx_word' id='word_1_20' title='bbox 1308 481 1459 553; x_wconf 71' lang='lat' dir='ltr'><strong>novimum</strong></span> 
     </span>
     <span class='ocr_line' id='line_1_4' title="bbox 302 581 857 664; baseline -0.002 -18"><span class='ocrx_word' id='word_1_21' title='bbox 302 587 406 646; x_wconf 90' lang='lat' dir='ltr'><strong>utrum</strong></span> <span class='ocrx_word' id='word_1_22' title='bbox 421 588 453 644; x_wconf 91' lang='lat' dir='ltr'><strong>et</strong></span> <span class='ocrx_word' id='word_1_23' title='bbox 467 603 530 646; x_wconf 94' lang='lat' dir='ltr'><strong>non</strong></span> <span class='ocrx_word' id='word_1_24' title='bbox 546 581 726 664; x_wconf 90' lang='lat' dir='ltr'><strong>catholicos,</strong></span> <span class='ocrx_word' id='word_1_25' title='bbox 741 584 857 646; x_wconf 87' lang='lat' dir='ltr'><strong>nescio.</strong></span> 
     </span>
    </p>

    <p class='ocr_par' dir='ltr' id='par_1_3' title="bbox 196 684 1534 1595">
     <span class='ocr_line' id='line_1_5' title="bbox 196 684 1461 771; baseline -0.002 -22"><span class='ocrx_word' id='word_1_26' title='bbox 196 699 246 749; x_wconf 68' lang='lat' dir='ltr'><strong>ear·</strong></span> <span class='ocrx_word' id='word_1_27' title='bbox 260 698 284 739; x_wconf 70' lang='lat' dir='ltr'><strong>h·</strong></span> <span class='ocrx_word' id='word_1_28' title='bbox 365 684 549 766; x_wconf 78' lang='lat' dir='ltr'><strong>¹Vadiauos,</strong></span> <span class='ocrx_word' id='word_1_29' title='bbox 565 705 642 770; x_wconf 90' lang='lat' dir='ltr'><strong>quos</strong></span> <span class='ocrx_word' id='word_1_30' title='bbox 657 685 811 770; x_wconf 87' lang='lat' dir='ltr'><strong>appellat,</strong></span> <span class='ocrx_word' id='word_1_31' title='bbox 825 685 1018 771; x_wconf 76' lang='lat' dir='ltr'><strong>Epiphanius</strong></span> <span class='ocrx_word' id='word_1_32' title='bbox 1034 685 1261 768; x_wconf 87' lang='lat' dir='ltr'><strong>schismaticos,</strong></span> <span class='ocrx_word' id='word_1_33' title='bbox 1277 707 1340 751; x_wconf 90' lang='lat' dir='ltr'><strong>nou</strong></span> <span class='ocrx_word' id='word_1_34' title='bbox 1356 685 1461 748; x_wconf 92' lang='lat' dir='ltr'><strong>haere·</strong></span> 
     </span>
     <span class='ocr_line' id='line_1_6' title="bbox 301 787 1464 874; baseline 0 -22"><span class='ocrx_word' id='word_1_35' title='bbox 301 789 379 852; x_wconf 85' lang='lat' dir='ltr'><strong>ticos</strong></span> <span class='ocrx_word' id='word_1_36' title='bbox 395 787 462 852; x_wconf 88' lang='lat' dir='ltr'><strong>vult</strong></span> <span class='ocrx_word' id='word_1_37' title='bbox 477 788 587 852; x_wconf 80' lang='lat' dir='ltr'><strong>videri.</strong></span> <span class='ocrx_word' id='word_1_38' title='bbox 623 788 688 852; x_wconf 85' lang='lat' dir='ltr'><strong>Alii</strong></span> <span class='ocrx_word' id='word_1_39' title='bbox 702 794 817 852; x_wconf 88' lang='lat' dir='ltr'><strong>vocant</strong></span> <span class='ocrx_word' id='word_1_40' title='bbox 832 788 1184 874; x_wconf 88' lang='lat' dir='ltr'><strong>Anthropomorphitas,</strong></span> <span class='ocrx_word' id='word_1_41' title='bbox 1205 792 1354 873; x_wconf 89' lang='lat' dir='ltr'><strong>quoniam</strong></span> <span class='ocrx_word' id='word_1_42' title='bbox 1375 788 1464 852; x_wconf 87' lang='lat' dir='ltr'><strong>deum</strong></span> 
     </span>
     <span class='ocr_line' id='line_1_7' title="bbox 301 890 1464 975; baseline -0.002 -21"><span class='ocrx_word' id='word_1_43' title='bbox 301 891 362 958; x_wconf 87' lang='lat' dir='ltr'><strong>sibi</strong></span> <span class='ocrx_word' id='word_1_44' title='bbox 378 891 500 972; x_wconf 83' lang='lat' dir='ltr'><strong>fingunt</strong></span> <span class='ocrx_word' id='word_1_45' title='bbox 515 893 702 974; x_wconf 75' lang='lat' dir='ltr'><strong>cogitatione</strong></span> <span class='ocrx_word' id='word_1_46' title='bbox 720 890 837 955; x_wconf 89' lang='lat' dir='ltr'><strong>carnali</strong></span> <span class='ocrx_word' id='word_1_47' title='bbox 852 893 885 954; x_wconf 93' lang='lat' dir='ltr'><strong>iu</strong></span> <span class='ocrx_word' id='word_1_48' title='bbox 901 891 1140 958; x_wconf 89' lang='lat' dir='ltr'><strong>similitudinem</strong></span> <span class='ocrx_word' id='word_1_49' title='bbox 1160 893 1296 956; x_wconf 88' lang='lat' dir='ltr'><strong>hominis</strong></span> <span class='ocrx_word' id='word_1_50' title='bbox 1312 892 1464 975; x_wconf 91' lang='lat' dir='ltr'><strong>corrupti-</strong></span> 
     </span>
     <span class='ocr_line' id='line_1_8' title="bbox 300 993 1465 1080; baseline 0 -22"><span class='ocrx_word' id='word_1_51' title='bbox 300 994 384 1076; x_wconf 85' lang='lat' dir='ltr'><strong>bilis,</strong></span> <span class='ocrx_word' id='word_1_52' title='bbox 401 993 480 1077; x_wconf 92' lang='lat' dir='ltr'><strong>quod</strong></span> <span class='ocrx_word' id='word_1_53' title='bbox 497 997 665 1060; x_wconf 83' lang='lat' dir='ltr'><strong>rusticitati</strong></span> <span class='ocrx_word' id='word_1_54' title='bbox 681 1013 788 1059; x_wconf 91' lang='lat' dir='ltr'><strong>eorum</strong></span> <span class='ocrx_word' id='word_1_55' title='bbox 802 993 913 1058; x_wconf 89' lang='lat' dir='ltr'><strong>tribuit</strong></span> <span class='ocrx_word' id='word_1_56' title='bbox 926 994 1137 1079; x_wconf 81' lang='lat' dir='ltr'><strong>Epiphanius,</strong></span> <span class='ocrx_word' id='word_1_57' title='bbox 1154 1015 1285 1080; x_wconf 81' lang='lat' dir='ltr'><strong>parcens</strong></span> <span class='ocrx_word' id='word_1_58' title='bbox 1301 997 1347 1060; x_wconf 90' lang='lat' dir='ltr'><strong>eis</strong></span> <span class='ocrx_word' id='word_1_59' title='bbox 1363 1015 1404 1058; x_wconf 92' lang='lat' dir='ltr'><strong>ne</strong></span> <span class='ocrx_word' id='word_1_60' title='bbox 1420 993 1465 1058; x_wconf 89' lang='lat' dir='ltr'><strong>di-</strong></span> 
     </span>
     <span class='ocr_line' id='line_1_9' title="bbox 301 1096 1534 1181; baseline 0.002 -20"><span class='ocrx_word' id='word_1_61' title='bbox 301 1105 411 1161; x_wconf 85' lang='lat' dir='ltr'><strong>cautur</strong></span> <span class='ocrx_word' id='word_1_62' title='bbox 425 1097 585 1162; x_wconf 88' lang='lat' dir='ltr'><strong>haeretici.</strong></span> <span class='ocrx_word' id='word_1_63' title='bbox 622 1096 683 1162; x_wconf 91' lang='lat' dir='ltr'><strong>Eos</strong></span> <span class='ocrx_word' id='word_1_64' title='bbox 698 1103 804 1161; x_wconf 88' lang='lat' dir='ltr'><strong>autem</strong></span> <span class='ocrx_word' id='word_1_65' title='bbox 819 1117 982 1181; x_wconf 79' lang='lat' dir='ltr'><strong>separasse</strong></span> <span class='ocrx_word' id='word_1_66' title='bbox 999 1116 1032 1162; x_wconf 84' lang='lat' dir='ltr'><strong>se</strong></span> <span class='ocrx_word' id='word_1_67' title='bbox 1048 1097 1126 1162; x_wconf 87' lang='lat' dir='ltr'><strong>dicit</strong></span> <span class='ocrx_word' id='word_1_68' title='bbox 1140 1119 1160 1162; x_wconf 90' lang='lat' dir='ltr'><strong>a</strong></span> <span class='ocrx_word' id='word_1_69' title='bbox 1174 1100 1396 1162; x_wconf 86' lang='lat' dir='ltr'><strong>communione</strong></span> <span class='ocrx_word' id='word_1_70' title='bbox 1410 1118 1465 1160; x_wconf 92' lang='lat' dir='ltr'><strong>no·</strong></span> <span class='ocrx_word' id='word_1_71' title='bbox 1533 1161 1534 1164; x_wconf 74' lang='grc'>,</span> 
     </span>
     <span class='ocr_line' id='line_1_10' title="bbox 300 1197 1465 1286; baseline -0.001 -20"><span class='ocrx_word' id='word_1_72' title='bbox 300 1207 367 1266; x_wconf 86' lang='lat' dir='ltr'><strong>stra</strong></span> <span class='ocrx_word' id='word_1_73' title='bbox 380 1199 536 1286; x_wconf 84' lang='lat' dir='ltr'><strong>culpando</strong></span> <span class='ocrx_word' id='word_1_74' title='bbox 553 1203 714 1285; x_wconf 89' lang='lat' dir='ltr'><strong>episcopos</strong></span> <span class='ocrx_word' id='word_1_75' title='bbox 730 1201 855 1282; x_wconf 89' lang='lat' dir='ltr'><strong>divites,</strong></span> <span class='ocrx_word' id='word_1_76' title='bbox 871 1207 902 1264; x_wconf 91' lang='lat' dir='ltr'><strong>et</strong></span> <span class='ocrx_word' id='word_1_77' title='bbox 916 1200 1034 1286; x_wconf 89' lang='lat' dir='ltr'><strong>pascha</strong></span> <span class='ocrx_word' id='word_1_78' title='bbox 1049 1221 1120 1264; x_wconf 92' lang='lat' dir='ltr'><strong>cum</strong></span> <span class='ocrx_word' id='word_1_79' title='bbox 1132 1201 1257 1266; x_wconf 86' lang='lat' dir='ltr'><strong>Iudaeis</strong></span> <span class='ocrx_word' id='word_1_80' title='bbox 1268 1197 1465 1266; x_wconf 89' lang='lat' dir='ltr'><strong>celebrando.</strong></span> 
     </span>
     <span class='ocr_line' id='line_1_11' title="bbox 301 1303 1465 1388; baseline 0 -22"><span class='ocrx_word' id='word_1_81' title='bbox 301 1303 448 1380; x_wconf 82' lang='lat' dir='ltr'><strong>Quamvis</strong></span> <span class='ocrx_word' id='word_1_82' title='bbox 464 1306 529 1367; x_wconf 89' lang='lat' dir='ltr'><strong>sint</strong></span> <span class='ocrx_word' id='word_1_83' title='bbox 543 1306 597 1386; x_wconf 92' lang='lat' dir='ltr'><strong>qui</strong></span> <span class='ocrx_word' id='word_1_84' title='bbox 612 1323 665 1368; x_wconf 88' lang='lat' dir='ltr'><strong>eos</strong></span> <span class='ocrx_word' id='word_1_85' title='bbox 681 1305 714 1370; x_wconf 95' lang='lat' dir='ltr'><strong>in</strong></span> <span class='ocrx_word' id='word_1_86' title='bbox 729 1305 871 1388; x_wconf 81' lang='lat' dir='ltr'><strong>Aegypto</strong></span> <span class='ocrx_word' id='word_1_87' title='bbox 886 1303 1037 1368; x_wconf 89' lang='lat' dir='ltr'><strong>ecclesiae</strong></span> <span class='ocrx_word' id='word_1_88' title='bbox 1054 1304 1224 1370; x_wconf 88' lang='lat' dir='ltr'><strong>catholicae</strong></span> <span class='ocrx_word' id='word_1_89' title='bbox 1237 1306 1465 1370; x_wconf 85' lang='lat' dir='ltr'><strong>communicare</strong></span> 
     </span>
     <span class='ocr_line' id='line_1_12' title="bbox 299 1407 1465 1493; baseline 0.001 -22"><span class='ocrx_word' id='word_1_90' title='bbox 299 1411 489 1472; x_wconf 87' lang='lat' dir='ltr'><strong>asseverent.</strong></span> <span class='ocrx_word' id='word_1_91' title='bbox 513 1407 559 1472; x_wconf 89' lang='lat' dir='ltr'><strong>De</strong></span> <span class='ocrx_word' id='word_1_92' title='bbox 574 1407 772 1472; x_wconf 86' lang='lat' dir='ltr'><strong>Photiniauis</strong></span> <span class='ocrx_word' id='word_1_93' title='bbox 787 1411 902 1489; x_wconf 71' lang='lat' dir='ltr'><strong>autem,</strong></span> <span class='ocrx_word' id='word_1_94' title='bbox 918 1427 995 1490; x_wconf 89' lang='lat' dir='ltr'><strong>quos</strong></span> <span class='ocrx_word' id='word_1_95' title='bbox 1010 1409 1070 1473; x_wconf 89' lang='lat' dir='ltr'><strong>isto</strong></span> <span class='ocrx_word' id='word_1_96' title='bbox 1086 1407 1154 1474; x_wconf 85' lang='lat' dir='ltr'><strong>loeo</strong></span> <span class='ocrx_word' id='word_1_97' title='bbox 1169 1407 1363 1493; x_wconf 82' lang='lat' dir='ltr'><strong>Epiphanius</strong></span> <span class='ocrx_word' id='word_1_98' title='bbox 1381 1425 1465 1472; x_wconf 90' lang='lat' dir='ltr'><strong>com-</strong></span> 
     </span>
     <span class='ocr_line' id='line_1_13' title="bbox 298 1509 1023 1595; baseline 0 -21"><span class='ocrx_word' id='word_1_99' title='bbox 298 1515 462 1591; x_wconf 81' lang='lat' dir='ltr'><strong>memorat,</strong></span> <span class='ocrx_word' id='word_1_100' title='bbox 477 1512 540 1574; x_wconf 90' lang='lat' dir='ltr'><strong>iam</strong></span> <span class='ocrx_word' id='word_1_101' title='bbox 556 1511 698 1595; x_wconf 89' lang='lat' dir='ltr'><strong>superius</strong></span> <span class='ocrx_word' id='word_1_102' title='bbox 715 1512 791 1574; x_wconf 88' lang='lat' dir='ltr'><strong>satis</strong></span> <span class='ocrx_word' id='word_1_103' title='bbox 805 1509 929 1574; x_wconf 85' lang='lat' dir='ltr'><strong>locutus</strong></span> <span class='ocrx_word' id='word_1_104' title='bbox 944 1531 1023 1574; x_wconf 87' lang='lat' dir='ltr'><strong>sum.</strong></span> 
     </span>
    </p>

    <p class='ocr_par' dir='ltr' id='par_1_4' title="bbox 181 1611 1464 1800">
     <span class='ocr_line' id='line_1_14' title="bbox 181 1611 1464 1698; baseline -0.002 -22"><span class='ocrx_word' id='word_1_105' title='bbox 181 1625 231 1676; x_wconf 71' lang='lat' dir='ltr'><strong>eso·</strong></span> <span class='ocrx_word' id='word_1_106' title='bbox 245 1626 281 1668; x_wconf 72' lang='lat'><strong>111·</strong></span> <span class='ocrx_word' id='word_1_107' title='bbox 377 1613 587 1678; x_wconf 86' lang='lat' dir='ltr'><strong>Semiarianos</strong></span> <span class='ocrx_word' id='word_1_108' title='bbox 613 1612 807 1698; x_wconf 84' lang='lat' dir='ltr'><strong>Epiphanius</strong></span> <span class='ocrx_word' id='word_1_109' title='bbox 839 1612 916 1678; x_wconf 91' lang='lat' dir='ltr'><strong>dicit</strong></span> <span class='ocrx_word' id='word_1_110' title='bbox 941 1615 993 1698; x_wconf 89' lang='lat' dir='ltr'><strong>qui</strong></span> <span class='ocrx_word' id='word_1_111' title='bbox 1020 1613 1132 1678; x_wconf 90' lang='lat' dir='ltr'><strong>similis</strong></span> <span class='ocrx_word' id='word_1_112' title='bbox 1159 1615 1313 1680; x_wconf 85' lang='lat' dir='ltr'><strong>esseutiae</strong></span> <span class='ocrx_word' id='word_1_113' title='bbox 1340 1611 1464 1678; x_wconf 86' lang='lat' dir='ltr'><strong>¹dieuut</strong></span> 
     </span>
     <span class='ocr_line' id='line_1_15' title="bbox 299 1715 1462 1800; baseline -0.003 -19"><span class='ocrx_word' id='word_1_114' title='bbox 299 1716 410 1797; x_wconf 84' lang='lat' dir='ltr'><strong>filium,</strong></span> <span class='ocrx_word' id='word_1_115' title='bbox 424 1723 575 1800; x_wconf 87' lang='lat' dir='ltr'><strong>tanquam</strong></span> <span class='ocrx_word' id='word_1_116' title='bbox 590 1736 653 1780; x_wconf 90' lang='lat' dir='ltr'><strong>non</strong></span> <span class='ocrx_word' id='word_1_117' title='bbox 670 1715 778 1800; x_wconf 92' lang='lat' dir='ltr'><strong>plenos</strong></span> <span class='ocrx_word' id='word_1_118' title='bbox 792 1715 942 1794; x_wconf 81' lang='lat' dir='ltr'><strong>Arianos3</strong></span> <span class='ocrx_word' id='word_1_119' title='bbox 959 1719 1050 1800; x_wconf 88' lang='lat' dir='ltr'><strong>quasi</strong></span> <span class='ocrx_word' id='word_1_120' title='bbox 1064 1715 1174 1782; x_wconf 83' lang='lat' dir='ltr'><strong>Ariani</strong></span> <span class='ocrx_word' id='word_1_121' title='bbox 1188 1737 1247 1783; x_wconf 91' lang='lat' dir='ltr'><strong>neo</strong></span> <span class='ocrx_word' id='word_1_122' title='bbox 1263 1715 1401 1782; x_wconf 89' lang='lat' dir='ltr'><strong>similem</strong></span> <span class='ocrx_word' id='word_1_123' title='bbox 1411 1735 1462 1782; x_wconf 83' lang='lat' dir='ltr'><strong>re·</strong></span> 
     </span>
    </p>

    <p class='ocr_par' dir='ltr' id='par_1_5' title="bbox 123 1817 1071 1910">
     <span class='ocr_line' id='line_1_16' title="bbox 123 1817 1071 1910; baseline -0.001 -26"><span class='ocrx_word' id='word_1_124' title='bbox 123 1900 125 1910; x_wconf 33' lang='grc' dir='ltr'>Ι</span> <span class='ocrx_word' id='word_1_125' title='bbox 298 1818 368 1901; x_wconf 91' lang='lat' dir='ltr'><strong>lint,</strong></span> <span class='ocrx_word' id='word_1_126' title='bbox 384 1840 455 1884; x_wconf 90' lang='lat' dir='ltr'><strong>cum</strong></span> <span class='ocrx_word' id='word_1_127' title='bbox 471 1819 527 1882; x_wconf 92' lang='lat' dir='ltr'><strong>hoc</strong></span> <span class='ocrx_word' id='word_1_128' title='bbox 542 1819 729 1883; x_wconf 91' lang='lat' dir='ltr'><strong>Eunomiaui</strong></span> <span class='ocrx_word' id='word_1_129' title='bbox 745 1818 849 1884; x_wconf 89' lang='lat' dir='ltr'><strong>dicore</strong></span> <span class='ocrx_word' id='word_1_130' title='bbox 866 1817 1071 1885; x_wconf 88' lang='lat' dir='ltr'><strong>celebrentur.</strong></span> 
     </span>
    </p>

    <p class='ocr_par' dir='ltr' id='par_1_6' title="bbox 170 1920 1462 2730">
     <span class='ocr_line' id='line_1_17' title="bbox 170 1920 1462 2012; baseline -0.004 -24"><span class='ocrx_word' id='word_1_131' title='bbox 170 1937 220 1988; x_wconf 69' lang='lat' dir='ltr'><strong>Car·</strong></span> <span class='ocrx_word' id='word_1_132' title='bbox 234 1936 281 1976; x_wconf 65' lang='lat'>1211·</span> <span class='ocrx_word' id='word_1_133' title='bbox 362 1922 577 1988; x_wconf 86' lang='lat' dir='ltr'><strong>Macedoniani</strong></span> <span class='ocrx_word' id='word_1_134' title='bbox 593 1929 700 1986; x_wconf 90' lang='lat' dir='ltr'><strong>sunta</strong></span> <span class='ocrx_word' id='word_1_135' title='bbox 715 1922 923 2008; x_wconf 82' lang='lat' dir='ltr'><strong>¹Maoedonio,</strong></span> <span class='ocrx_word' id='word_1_136' title='bbox 936 1943 1012 2005; x_wconf 89' lang='lat' dir='ltr'><strong>quos</strong></span> <span class='ocrx_word' id='word_1_137' title='bbox 1023 1929 1054 1986; x_wconf 90' lang='lat' dir='ltr'><strong>et</strong></span> <span class='ocrx_word' id='word_1_138' title='bbox 1065 1920 1343 2012; x_wconf 77' lang='grc' dir='ltr'>Πνευματομάχους</span> <span class='ocrx_word' id='word_1_139' title='bbox 1354 1921 1462 1988; x_wconf 85' lang='lat' dir='ltr'><strong>Graeci</strong></span> 
     </span>
     <span class='ocr_line' id='line_1_18' title="bbox 300 2023 1460 2110; baseline -0.003 -19"><span class='ocrx_word' id='word_1_140' title='bbox 300 2025 423 2108; x_wconf 76' lang='lat' dir='ltr'><strong>dicum,</strong></span> <span class='ocrx_word' id='word_1_141' title='bbox 444 2047 479 2090; x_wconf 92' lang='lat' dir='ltr'><strong>eo</strong></span> <span class='ocrx_word' id='word_1_142' title='bbox 500 2025 582 2109; x_wconf 93' lang='lat' dir='ltr'><strong>quod</strong></span> <span class='ocrx_word' id='word_1_143' title='bbox 602 2024 640 2088; x_wconf 92' lang='lat' dir='ltr'><strong>de</strong></span> <span class='ocrx_word' id='word_1_144' title='bbox 661 2027 774 2110; x_wconf 89' lang='lat' dir='ltr'><strong>spiritu</strong></span> <span class='ocrx_word' id='word_1_145' title='bbox 794 2031 901 2090; x_wconf 90' lang='lat' dir='ltr'><strong>sancto</strong></span> <span class='ocrx_word' id='word_1_146' title='bbox 921 2025 1055 2108; x_wconf 78' lang='lat' dir='ltr'><strong>litigant.</strong></span> <span class='ocrx_word' id='word_1_147' title='bbox 1093 2025 1174 2089; x_wconf 91' lang='lat' dir='ltr'><strong>Nam</strong></span> <span class='ocrx_word' id='word_1_148' title='bbox 1195 2025 1232 2090; x_wconf 91' lang='lat' dir='ltr'><strong>de</strong></span> <span class='ocrx_word' id='word_1_149' title='bbox 1249 2031 1337 2110; x_wconf 90' lang='lat' dir='ltr'><strong>patre</strong></span> <span class='ocrx_word' id='word_1_150' title='bbox 1353 2030 1386 2090; x_wconf 88' lang='lat' dir='ltr'><strong>et</strong></span> <span class='ocrx_word' id='word_1_151' title='bbox 1400 2023 1460 2088; x_wconf 84' lang='lat' dir='ltr'><strong>fih‘o</strong></span> 
     </span>
     <span class='ocr_line' id='line_1_19' title="bbox 299 2126 1462 2212; baseline 0 -20"><span class='ocrx_word' id='word_1_152' title='bbox 299 2136 383 2194; x_wconf 88' lang='lat' dir='ltr'><strong>reete</strong></span> <span class='ocrx_word' id='word_1_153' title='bbox 400 2130 554 2210; x_wconf 90' lang='lat' dir='ltr'><strong>sentiunt,</strong></span> <span class='ocrx_word' id='word_1_154' title='bbox 574 2126 659 2212; x_wconf 89' lang='lat' dir='ltr'><strong>quod</strong></span> <span class='ocrx_word' id='word_1_155' title='bbox 673 2130 766 2192; x_wconf 90' lang='lat' dir='ltr'><strong>unius</strong></span> <span class='ocrx_word' id='word_1_156' title='bbox 782 2130 847 2192; x_wconf 89' lang='lat' dir='ltr'><strong>siut</strong></span> <span class='ocrx_word' id='word_1_157' title='bbox 861 2129 1064 2211; x_wconf 87' lang='lat' dir='ltr'><strong>eiusdemque</strong></span> <span class='ocrx_word' id='word_1_158' title='bbox 1080 2128 1274 2194; x_wconf 88' lang='lat' dir='ltr'><strong>substantiae</strong></span> <span class='ocrx_word' id='word_1_159' title='bbox 1290 2127 1340 2192; x_wconf 88' lang='lat' dir='ltr'><strong>vei</strong></span> <span class='ocrx_word' id='word_1_160' title='bbox 1354 2146 1462 2192; x_wconf 88' lang='lat' dir='ltr'><strong>esseu-</strong></span> 
     </span>
     <span class='ocr_line' id='line_1_20' title="bbox 300 2229 1460 2316; baseline -0.001 -22"><span class='ocrx_word' id='word_1_161' title='bbox 300 2235 371 2313; x_wconf 86' lang='lat' dir='ltr'><strong>tiae,</strong></span> <span class='ocrx_word' id='word_1_162' title='bbox 387 2229 442 2296; x_wconf 89' lang='lat' dir='ltr'><strong>sed</strong></span> <span class='ocrx_word' id='word_1_163' title='bbox 458 2231 495 2296; x_wconf 94' lang='lat' dir='ltr'><strong>de</strong></span> <span class='ocrx_word' id='word_1_164' title='bbox 512 2233 624 2316; x_wconf 90' lang='lat' dir='ltr'><strong>spiritu</strong></span> <span class='ocrx_word' id='word_1_165' title='bbox 640 2237 747 2296; x_wconf 87' lang='lat' dir='ltr'><strong>sancto</strong></span> <span class='ocrx_word' id='word_1_166' title='bbox 764 2229 822 2296; x_wconf 92' lang='lat' dir='ltr'><strong>hoc</strong></span> <span class='ocrx_word' id='word_1_167' title='bbox 837 2231 950 2296; x_wconf 90' lang='lat' dir='ltr'><strong>nolunt</strong></span> <span class='ocrx_word' id='word_1_168' title='bbox 964 2231 1101 2314; x_wconf 85' lang='lat' dir='ltr'><strong>credere,</strong></span> <span class='ocrx_word' id='word_1_169' title='bbox 1117 2237 1291 2298; x_wconf 87' lang='lat' dir='ltr'><strong>ereaturam</strong></span> <span class='ocrx_word' id='word_1_170' title='bbox 1306 2251 1379 2296; x_wconf 90' lang='lat' dir='ltr'><strong>eum</strong></span> <span class='ocrx_word' id='word_1_171' title='bbox 1394 2248 1460 2294; x_wconf 87' lang='lat' dir='ltr'><strong>esse</strong></span> 
     </span>
     <span class='ocr_line' id='line_1_21' title="bbox 301 2333 1460 2420; baseline -0.002 -21"><span class='ocrx_word' id='word_1_172' title='bbox 301 2333 450 2399; x_wconf 86' lang='lat' dir='ltr'><strong>dicentes.</strong></span> <span class='ocrx_word' id='word_1_173' title='bbox 486 2333 551 2398; x_wconf 89' lang='lat' dir='ltr'><strong>Hos</strong></span> <span class='ocrx_word' id='word_1_174' title='bbox 574 2335 678 2418; x_wconf 90' lang='lat' dir='ltr'><strong>potius</strong></span> <span class='ocrx_word' id='word_1_175' title='bbox 701 2333 829 2418; x_wconf 87' lang='lat' dir='ltr'><strong>quidam</strong></span> <span class='ocrx_word' id='word_1_176' title='bbox 851 2335 1061 2400; x_wconf 86' lang='lat' dir='ltr'><strong>Samiarianos</strong></span> <span class='ocrx_word' id='word_1_177' title='bbox 1087 2341 1214 2416; x_wconf 85' lang='lat' dir='ltr'><strong>vocant,</strong></span> <span class='ocrx_word' id='word_1_178' title='bbox 1240 2333 1322 2420; x_wconf 91' lang='lat' dir='ltr'><strong>quod</strong></span> <span class='ocrx_word' id='word_1_179' title='bbox 1349 2336 1383 2399; x_wconf 91' lang='lat' dir='ltr'><strong>in</strong></span> <span class='ocrx_word' id='word_1_180' title='bbox 1404 2333 1460 2398; x_wconf 88' lang='lat' dir='ltr'><strong>hae</strong></span> 
     </span>
     <span class='ocr_line' id='line_1_22' title="bbox 301 2437 1461 2523; baseline 0 -23"><span class='ocrx_word' id='word_1_181' title='bbox 301 2439 480 2521; x_wconf 84' lang='lat' dir='ltr'><strong>quaestione</strong></span> <span class='ocrx_word' id='word_1_182' title='bbox 497 2457 535 2500; x_wconf 85' lang='lat' dir='ltr'><strong>ex</strong></span> <span class='ocrx_word' id='word_1_183' title='bbox 550 2443 637 2521; x_wconf 90' lang='lat' dir='ltr'><strong>parte</strong></span> <span class='ocrx_word' id='word_1_184' title='bbox 654 2457 726 2502; x_wconf 87' lang='lat' dir='ltr'><strong>eum</strong></span> <span class='ocrx_word' id='word_1_185' title='bbox 741 2437 803 2502; x_wconf 90' lang='lat' dir='ltr'><strong>illis</strong></span> <span class='ocrx_word' id='word_1_186' title='bbox 818 2440 898 2520; x_wconf 88' lang='lat' dir='ltr'><strong>sint,</strong></span> <span class='ocrx_word' id='word_1_187' title='bbox 913 2459 950 2503; x_wconf 88' lang='lat' dir='ltr'><strong>ex</strong></span> <span class='ocrx_word' id='word_1_188' title='bbox 966 2445 1054 2523; x_wconf 87' lang='lat' dir='ltr'><strong>parte</strong></span> <span class='ocrx_word' id='word_1_189' title='bbox 1069 2437 1244 2504; x_wconf 88' lang='lat' dir='ltr'><strong>nobiscum.</strong></span> <span class='ocrx_word' id='word_1_190' title='bbox 1281 2438 1430 2516; x_wconf 78' lang='lat' dir='ltr'><strong>Quamvis</strong></span> <span class='ocrx_word' id='word_1_191' title='bbox 1443 2455 1461 2499; x_wconf 86' lang='lat' dir='ltr'><strong>a</strong></span> 
     </span>
     <span class='ocr_line' id='line_1_23' title="bbox 298 2537 1460 2626; baseline -0.003 -20"><span class='ocrx_word' id='word_1_192' title='bbox 298 2539 458 2606; x_wconf 89' lang='lat' dir='ltr'><strong>nonnullis</strong></span> <span class='ocrx_word' id='word_1_193' title='bbox 473 2540 698 2624; x_wconf 86' lang='lat' dir='ltr'><strong>perhibeantur</strong></span> <span class='ocrx_word' id='word_1_194' title='bbox 711 2561 775 2604; x_wconf 91' lang='lat' dir='ltr'><strong>non</strong></span> <span class='ocrx_word' id='word_1_195' title='bbox 790 2540 899 2623; x_wconf 87' lang='lat' dir='ltr'><strong>deum,</strong></span> <span class='ocrx_word' id='word_1_196' title='bbox 919 2541 975 2606; x_wconf 88' lang='lat' dir='ltr'><strong>sed</strong></span> <span class='ocrx_word' id='word_1_197' title='bbox 996 2541 1145 2606; x_wconf 87' lang='lat' dir='ltr'><strong>deitatem</strong></span> <span class='ocrx_word' id='word_1_198' title='bbox 1165 2543 1262 2626; x_wconf 91' lang='lat' dir='ltr'><strong>patris</strong></span> <span class='ocrx_word' id='word_1_199' title='bbox 1282 2548 1314 2604; x_wconf 91' lang='lat' dir='ltr'><strong>et</strong></span> <span class='ocrx_word' id='word_1_200' title='bbox 1333 2539 1390 2604; x_wconf 86' lang='lat' dir='ltr'><strong>filii</strong></span> <span class='ocrx_word' id='word_1_201' title='bbox 1414 2537 1460 2602; x_wconf 92' lang='lat' dir='ltr'><strong>di·</strong></span> 
     </span>
     <span class='ocr_line' id='line_1_24' title="bbox 300 2644 1420 2730; baseline -0.004 -22"><span class='ocrx_word' id='word_1_202' title='bbox 300 2664 369 2708; x_wconf 87' lang='lat' dir='ltr'><strong>oere</strong></span> <span class='ocrx_word' id='word_1_203' title='bbox 386 2644 532 2728; x_wconf 82' lang='lat' dir='ltr'><strong>spirItum</strong></span> <span class='ocrx_word' id='word_1_204' title='bbox 548 2648 703 2727; x_wconf 88' lang='lat' dir='ltr'><strong>sanctum,</strong></span> <span class='ocrx_word' id='word_1_205' title='bbox 719 2650 750 2707; x_wconf 90' lang='lat' dir='ltr'><strong>et</strong></span> <span class='ocrx_word' id='word_1_206' title='bbox 765 2644 884 2710; x_wconf 89' lang='lat' dir='ltr'><strong>nullam</strong></span> <span class='ocrx_word' id='word_1_207' title='bbox 897 2647 1057 2730; x_wconf 89' lang='lat' dir='ltr'><strong>propriam</strong></span> <span class='ocrx_word' id='word_1_208' title='bbox 1071 2644 1186 2710; x_wconf 89' lang='lat' dir='ltr'><strong>habere</strong></span> <span class='ocrx_word' id='word_1_209' title='bbox 1202 2644 1420 2711; x_wconf 79' lang='lat' dir='ltr'><strong>substantiam.</strong></span> 
     </span>
    </p>

    <p class='ocr_par' dir='ltr' id='par_1_7' title="bbox 163 2744 1462 3858">
     <span class='ocr_line' id='line_1_25' title="bbox 163 2744 1460 2832; baseline 0 -20"><span class='ocrx_word' id='word_1_210' title='bbox 163 2762 213 2812; x_wconf 77' lang='lat' dir='ltr'><strong>cu·</strong></span> <span class='ocrx_word' id='word_1_211' title='bbox 226 2761 281 2802; x_wconf 66' lang='grc' dir='ltr'><strong>ΗΠ.</strong></span> <span class='ocrx_word' id='word_1_212' title='bbox 362 2747 491 2810; x_wconf 73' lang='lat' dir='ltr'><strong>Adriani</strong></span> <span class='ocrx_word' id='word_1_213' title='bbox 506 2744 545 2810; x_wconf 90' lang='lat' dir='ltr'><strong>ab</strong></span> <span class='ocrx_word' id='word_1_214' title='bbox 560 2747 653 2811; x_wconf 76' lang='lat' dir='ltr'><strong>Abrio</strong></span> <span class='ocrx_word' id='word_1_215' title='bbox 670 2747 806 2830; x_wconf 92' lang='lat' dir='ltr'><strong>quodam</strong></span> <span class='ocrx_word' id='word_1_216' title='bbox 821 2749 1072 2829; x_wconf 86' lang='lat' dir='ltr'><strong>snntnominati‚</strong></span> <span class='ocrx_word' id='word_1_217' title='bbox 1087 2748 1141 2831; x_wconf 88' lang='lat' dir='ltr'><strong>qui</strong></span> <span class='ocrx_word' id='word_1_218' title='bbox 1152 2767 1224 2812; x_wconf 90' lang='lat' dir='ltr'><strong>oum</strong></span> <span class='ocrx_word' id='word_1_219' title='bbox 1235 2753 1320 2812; x_wconf 87' lang='lat' dir='ltr'><strong>esset</strong></span> <span class='ocrx_word' id='word_1_220' title='bbox 1330 2745 1460 2832; x_wconf 74' lang='lat' dir='ltr'><strong>prosby-</strong></span> 
     </span>
     <span class='ocr_line' id='line_1_26' title="bbox 299 2847 1460 2937; baseline 0 -25"><span class='ocrx_word' id='word_1_221' title='bbox 299 2855 358 2931; x_wconf 88' lang='lat' dir='ltr'><strong>ter,</strong></span> <span class='ocrx_word' id='word_1_222' title='bbox 374 2847 510 2912; x_wconf 89' lang='lat' dir='ltr'><strong>doluisse</strong></span> <span class='ocrx_word' id='word_1_223' title='bbox 525 2847 623 2912; x_wconf 82' lang='lat' dir='ltr'><strong>fertur</strong></span> <span class='ocrx_word' id='word_1_224' title='bbox 639 2850 721 2933; x_wconf 93' lang='lat' dir='ltr'><strong>quod</strong></span> <span class='ocrx_word' id='word_1_225' title='bbox 737 2853 902 2937; x_wconf 87' lang='lat' dir='ltr'><strong>episcopus</strong></span> <span class='ocrx_word' id='word_1_226' title='bbox 918 2871 981 2915; x_wconf 90' lang='lat' dir='ltr'><strong>non</strong></span> <span class='ocrx_word' id='word_1_227' title='bbox 996 2853 1099 2936; x_wconf 90' lang='lat' dir='ltr'><strong>potuit</strong></span> <span class='ocrx_word' id='word_1_228' title='bbox 1113 2849 1260 2932; x_wconf 89' lang='lat' dir='ltr'><strong>ordinari,</strong></span> <span class='ocrx_word' id='word_1_229' title='bbox 1275 2854 1307 2914; x_wconf 87' lang='lat' dir='ltr'><strong>et</strong></span> <span class='ocrx_word' id='word_1_230' title='bbox 1320 2852 1355 2913; x_wconf 91' lang='lat' dir='ltr'><strong>in</strong></span> <span class='ocrx_word' id='word_1_231' title='bbox 1370 2849 1460 2915; x_wconf 87' lang='lat' dir='ltr'><strong>Aria·</strong></span> 
     </span>
     <span class='ocr_line' id='line_1_27' title="bbox 299 2950 1460 3038; baseline 0.002 -23"><span class='ocrx_word' id='word_1_232' title='bbox 299 2971 411 3016; x_wconf 92' lang='lat' dir='ltr'><strong>norum</strong></span> <span class='ocrx_word' id='word_1_233' title='bbox 429 2951 586 3016; x_wconf 86' lang='lat' dir='ltr'><strong>haeresim</strong></span> <span class='ocrx_word' id='word_1_234' title='bbox 606 2950 712 3037; x_wconf 88' lang='lat' dir='ltr'><strong>lapsus</strong></span> <span class='ocrx_word' id='word_1_235' title='bbox 737 2955 863 3038; x_wconf 90' lang='lat' dir='ltr'><strong>propria</strong></span> <span class='ocrx_word' id='word_1_236' title='bbox 883 2973 1004 3038; x_wconf 91' lang='lat' dir='ltr'><strong>quoque</strong></span> <span class='ocrx_word' id='word_1_237' title='bbox 1025 2954 1170 3038; x_wconf 70' lang='lat' dir='ltr'><strong>dogmma</strong></span> <span class='ocrx_word' id='word_1_238' title='bbox 1196 2951 1354 3018; x_wconf 83' lang='lat' dir='ltr'><strong>addidisse</strong></span> <span class='ocrx_word' id='word_1_239' title='bbox 1382 2971 1460 3018; x_wconf 90' lang='lat' dir='ltr'><strong>uon·</strong></span> 
     </span>
     <span class='ocr_line' id='line_1_28' title="bbox 299 3053 1462 3142; baseline 0.002 -24"><span class='ocrx_word' id='word_1_240' title='bbox 299 3053 401 3134; x_wconf 86' lang='lat' dir='ltr'><strong>uuila,</strong></span> <span class='ocrx_word' id='word_1_241' title='bbox 422 3053 531 3118; x_wconf 84' lang='lat' dir='ltr'><strong>diosus</strong></span> <span class='ocrx_word' id='word_1_242' title='bbox 552 3054 655 3118; x_wconf 80' lang='lat' dir='ltr'><strong>offerri</strong></span> <span class='ocrx_word' id='word_1_243' title='bbox 674 3076 730 3139; x_wconf 93' lang='lat' dir='ltr'><strong>pro</strong></span> <span class='ocrx_word' id='word_1_244' title='bbox 752 3053 998 3121; x_wconf 85' lang='lat' dir='ltr'><strong>¹dormientibus</strong></span> <span class='ocrx_word' id='word_1_245' title='bbox 1014 3077 1077 3122; x_wconf 93' lang='lat' dir='ltr'><strong>nou</strong></span> <span class='ocrx_word' id='word_1_246' title='bbox 1093 3063 1250 3142; x_wconf 85' lang='lat' dir='ltr'><strong>oportere,</strong></span> <span class='ocrx_word' id='word_1_247' title='bbox 1271 3075 1329 3122; x_wconf 90' lang='lat' dir='ltr'><strong>uec</strong></span> <span class='ocrx_word' id='word_1_248' title='bbox 1346 3061 1462 3120; x_wconf 82' lang='lat' dir='ltr'><strong>statuta</strong></span> 
     </span>
     <span class='ocr_line' id='line_1_29' title="bbox 300 3155 1461 3244; baseline 0.002 -24"><span class='ocrx_word' id='word_1_249' title='bbox 300 3155 482 3221; x_wconf 90' lang='lat' dir='ltr'><strong>solemniter</strong></span> <span class='ocrx_word' id='word_1_250' title='bbox 498 3155 687 3222; x_wconf 90' lang='lat' dir='ltr'><strong>celebranda</strong></span> <span class='ocrx_word' id='word_1_251' title='bbox 701 3176 769 3222; x_wconf 86' lang='lat' dir='ltr'><strong>esse</strong></span> <span class='ocrx_word' id='word_1_252' title='bbox 784 3160 916 3240; x_wconf 90' lang='lat' dir='ltr'><strong>ieiunia,</strong></span> <span class='ocrx_word' id='word_1_253' title='bbox 932 3159 988 3224; x_wconf 88' lang='lat' dir='ltr'><strong>sed</strong></span> <span class='ocrx_word' id='word_1_254' title='bbox 1003 3181 1075 3225; x_wconf 90' lang='lat' dir='ltr'><strong>oum</strong></span> <span class='ocrx_word' id='word_1_255' title='bbox 1090 3163 1220 3244; x_wconf 88' lang='lat' dir='ltr'><strong>quisque</strong></span> <span class='ocrx_word' id='word_1_256' title='bbox 1235 3158 1370 3224; x_wconf 85' lang='lat' dir='ltr'><strong>voluerit</strong></span> <span class='ocrx_word' id='word_1_257' title='bbox 1383 3161 1461 3224; x_wconf 87' lang='lat' dir='ltr'><strong>ieiu-</strong></span> 
     </span>
     <span class='ocr_line' id='line_1_30' title="bbox 299 3247 1461 3348; baseline 0.003 -26"><span class='ocrx_word' id='word_1_258' title='bbox 299 3259 450 3341; x_wconf 87' lang='lat' dir='ltr'><strong>nandum,</strong></span> <span class='ocrx_word' id='word_1_259' title='bbox 464 3279 504 3322; x_wconf 87' lang='lat' dir='ltr'><strong>ne</strong></span> <span class='ocrx_word' id='word_1_260' title='bbox 518 3259 667 3324; x_wconf 87' lang='lat' dir='ltr'><strong>videatur</strong></span> <span class='ocrx_word' id='word_1_261' title='bbox 678 3281 746 3324; x_wconf 89' lang='lat' dir='ltr'><strong>esse</strong></span> <span class='ocrx_word' id='word_1_262' title='bbox 763 3247 819 3325; x_wconf 90' lang='lat' dir='ltr'><strong>sub</strong></span> <span class='ocrx_word' id='word_1_263' title='bbox 835 3260 913 3345; x_wconf 83' lang='lat' dir='ltr'><strong>Iege.</strong></span> <span class='ocrx_word' id='word_1_264' title='bbox 934 3261 1069 3327; x_wconf 87' lang='lat' dir='ltr'><strong>Dicebat</strong></span> <span class='ocrx_word' id='word_1_265' title='bbox 1082 3265 1177 3327; x_wconf 89' lang='lat' dir='ltr'><strong>etiarn</strong></span> <span class='ocrx_word' id='word_1_266' title='bbox 1188 3262 1409 3348; x_wconf 83' lang='lat' dir='ltr'><strong>presbyterum</strong></span> <span class='ocrx_word' id='word_1_267' title='bbox 1423 3261 1461 3325; x_wconf 92' lang='lat' dir='ltr'><strong>ab</strong></span> 
     </span>
     <span class='ocr_line' id='line_1_31' title="bbox 300 3360 1461 3452; baseline 0.001 -27"><span class='ocrx_word' id='word_1_268' title='bbox 300 3364 445 3447; x_wconf 86' lang='lat' dir='ltr'><strong>episcopo</strong></span> <span class='ocrx_word' id='word_1_269' title='bbox 461 3360 548 3426; x_wconf 88' lang='lat' dir='ltr'><strong>nulla</strong></span> <span class='ocrx_word' id='word_1_270' title='bbox 563 3361 740 3428; x_wconf 69' lang='lat' dir='ltr'><strong>diberentia</strong></span> <span class='ocrx_word' id='word_1_271' title='bbox 755 3361 867 3428; x_wconf 89' lang='lat' dir='ltr'><strong>debere</strong></span> <span class='ocrx_word' id='word_1_272' title='bbox 883 3365 1028 3430; x_wconf 91' lang='lat' dir='ltr'><strong>discerni.</strong></span> <span class='ocrx_word' id='word_1_273' title='bbox 1058 3365 1190 3442; x_wconf 88' lang='lat' dir='ltr'><strong>Quidam</strong></span> <span class='ocrx_word' id='word_1_274' title='bbox 1204 3365 1372 3452; x_wconf 90' lang='lat' dir='ltr'><strong>perhibent</strong></span> <span class='ocrx_word' id='word_1_275' title='bbox 1385 3367 1461 3429; x_wconf 87' lang='lat' dir='ltr'><strong>istos</strong></span> 
     </span>
     <span class='ocr_line' id='line_1_32' title="bbox 299 3464 1462 3552; baseline 0.002 -23"><span class='ocrx_word' id='word_1_276' title='bbox 299 3468 382 3530; x_wconf 86' lang='lat' dir='ltr'><strong>sicut</strong></span> <span class='ocrx_word' id='word_1_277' title='bbox 399 3464 576 3530; x_wconf 86' lang='lat' dir='ltr'><strong>Encratitas</strong></span> <span class='ocrx_word' id='word_1_278' title='bbox 596 3465 648 3530; x_wconf 86' lang='lat' dir='ltr'><strong>vel</strong></span> <span class='ocrx_word' id='word_1_279' title='bbox 666 3466 862 3552; x_wconf 85' lang='lat' dir='ltr'><strong>Apotaetitas</strong></span> <span class='ocrx_word' id='word_1_280' title='bbox 880 3489 943 3532; x_wconf 88' lang='lat' dir='ltr'><strong>non</strong></span> <span class='ocrx_word' id='word_1_281' title='bbox 967 3468 1132 3532; x_wconf 89' lang='lat' dir='ltr'><strong>admittere</strong></span> <span class='ocrx_word' id='word_1_282' title='bbox 1152 3468 1192 3532; x_wconf 88' lang='lat' dir='ltr'><strong>ad</strong></span> <span class='ocrx_word' id='word_1_283' title='bbox 1212 3469 1462 3533; x_wconf 88' lang='lat' dir='ltr'><strong>communionem</strong></span> 
     </span>
     <span class='ocr_line' id='line_1_33' title="bbox 300 3569 1462 3657; baseline 0.002 -25"><span class='ocrx_word' id='word_1_284' title='bbox 300 3588 389 3632; x_wconf 89' lang='lat' dir='ltr'><strong>suam</strong></span> <span class='ocrx_word' id='word_1_285' title='bbox 403 3569 466 3632; x_wconf 90' lang='lat' dir='ltr'><strong>uisi</strong></span> <span class='ocrx_word' id='word_1_286' title='bbox 481 3570 693 3650; x_wconf 84' lang='lat' dir='ltr'><strong>continentes,</strong></span> <span class='ocrx_word' id='word_1_287' title='bbox 710 3574 742 3632; x_wconf 88' lang='lat' dir='ltr'><strong>et</strong></span> <span class='ocrx_word' id='word_1_288' title='bbox 756 3589 809 3632; x_wconf 90' lang='lat' dir='ltr'><strong>eos</strong></span> <span class='ocrx_word' id='word_1_289' title='bbox 825 3571 878 3652; x_wconf 90' lang='lat' dir='ltr'><strong>qui</strong></span> <span class='ocrx_word' id='word_1_290' title='bbox 894 3570 997 3636; x_wconf 91' lang='lat' dir='ltr'><strong>seculo</strong></span> <span class='ocrx_word' id='word_1_291' title='bbox 1013 3574 1276 3653; x_wconf 87' lang='lat' dir='ltr'><strong>renuntiaverint,</strong></span> <span class='ocrx_word' id='word_1_292' title='bbox 1290 3577 1325 3636; x_wconf 90' lang='lat' dir='ltr'><strong>ut</strong></span> <span class='ocrx_word' id='word_1_293' title='bbox 1335 3573 1462 3657; x_wconf 84' lang='lat' dir='ltr'><strong>proprie</strong></span> 
     </span>
     <span class='ocr_line' id='line_1_34' title="bbox 299 3669 1461 3754; baseline 0.002 -20"><span class='ocrx_word' id='word_1_294' title='bbox 299 3669 386 3735; x_wconf 89' lang='lat' dir='ltr'><strong>nulla</strong></span> <span class='ocrx_word' id='word_1_295' title='bbox 401 3669 591 3754; x_wconf 87' lang='lat' dir='ltr'><strong>possideant.</strong></span> <span class='ocrx_word' id='word_1_296' title='bbox 628 3669 679 3738; x_wconf 89' lang='lat' dir='ltr'><strong>Ab</strong></span> <span class='ocrx_word' id='word_1_297' title='bbox 700 3691 773 3735; x_wconf 87' lang='lat' dir='ltr'><strong>esca</strong></span> <span class='ocrx_word' id='word_1_298' title='bbox 786 3677 893 3736; x_wconf 84' lang='lat' dir='ltr'><strong>tamen</strong></span> <span class='ocrx_word' id='word_1_299' title='bbox 909 3676 1048 3738; x_wconf 89' lang='lat' dir='ltr'><strong>carnium</strong></span> <span class='ocrx_word' id='word_1_300' title='bbox 1063 3695 1128 3740; x_wconf 88' lang='lat' dir='ltr'><strong>non</strong></span> <span class='ocrx_word' id='word_1_301' title='bbox 1142 3695 1195 3739; x_wconf 91' lang='lat' dir='ltr'><strong>eos</strong></span> <span class='ocrx_word' id='word_1_302' title='bbox 1210 3674 1370 3738; x_wconf 86' lang='lat' dir='ltr'><strong>abstinere</strong></span> <span class='ocrx_word' id='word_1_303' title='bbox 1385 3673 1461 3739; x_wconf 88' lang='lat' dir='ltr'><strong>dicit</strong></span> 
     </span>
     <span class='ocr_line' id='line_1_35' title="bbox 297 3771 1344 3858; baseline 0.005 -20"><span class='ocrx_word' id='word_1_304' title='bbox 297 3771 502 3858; x_wconf 88' lang='lat' dir='ltr'><strong>Epiphanius.</strong></span> <span class='ocrx_word' id='word_1_305' title='bbox 524 3772 680 3838; x_wconf 88' lang='lat' dir='ltr'><strong>Philaster</strong></span> <span class='ocrx_word' id='word_1_306' title='bbox 693 3793 766 3839; x_wconf 84' lang='lat' dir='ltr'><strong>vero</strong></span> <span class='ocrx_word' id='word_1_307' title='bbox 781 3779 814 3847; x_wconf 82' lang='lat' dir='ltr'><strong>et</strong></span> <span class='ocrx_word' id='word_1_308' title='bbox 827 3774 909 3840; x_wconf 88' lang='lat' dir='ltr'><strong>hano</strong></span> <span class='ocrx_word' id='word_1_309' title='bbox 924 3778 970 3840; x_wconf 83' lang='lat' dir='ltr'><strong>eIs</strong></span> <span class='ocrx_word' id='word_1_310' title='bbox 985 3777 1096 3842; x_wconf 90' lang='lat' dir='ltr'><strong>tribuit</strong></span> <span class='ocrx_word' id='word_1_311' title='bbox 1110 3776 1344 3842; x_wconf 84' lang='lat' dir='ltr'><strong>abstinentiam</strong></span> 
     </span>
    </p>
   </div>
   <div class='ocr_carea' id='block_1_3' title="bbox 294 3959 1459 4236">
    <p class='ocr_par' dir='ltr' id='par_1_8' title="bbox 294 3959 1459 4236">
     <span class='ocr_line' id='line_1_36' title="bbox 367 3959 1459 4044; baseline 0.004 -30"><span class='ocrx_word' id='word_1_312' title='bbox 367 3959 428 4044; x_wconf 84' lang='lat' dir='ltr'><strong>Cap.</strong></span> <span class='ocrx_word' id='word_1_313' title='bbox 440 3959 470 4014; x_wconf 87' lang='lat' dir='ltr'><strong>L.</strong></span> <span class='ocrx_word' id='word_1_314' title='bbox 481 3991 515 4000; x_wconf 90' lang='lat'>-</span> <span class='ocrx_word' id='word_1_315' title='bbox 535 3961 557 4014; x_wconf 94' lang='lat' dir='ltr'><strong>l.</strong></span> <span class='ocrx_word' id='word_1_316' title='bbox 571 3959 746 4013; x_wconf 79' lang='lat' dir='ltr'><strong>Floriocoaais</strong></span> <span class='ocrx_word' id='word_1_317' title='bbox 758 3963 836 4014; x_wconf 72' lang='lat' dir='ltr'><strong>codsa</strong></span> <span class='ocrx_word' id='word_1_318' title='bbox 847 3961 894 4014; x_wconf 83' lang='lat' dir='ltr'><strong>hoc</strong></span> <span class='ocrx_word' id='word_1_319' title='bbox 906 3971 1001 4015; x_wconf 75' lang='lat' dir='ltr'><strong>tantam</strong></span> <span class='ocrx_word' id='word_1_320' title='bbox 1013 3964 1066 4016; x_wconf 87' lang='lat' dir='ltr'><strong>loco</strong></span> <span class='ocrx_word' id='word_1_321' title='bbox 1079 3962 1189 4016; x_wconf 79' lang='lat' dir='ltr'><strong>habebnt</strong></span> <span class='ocrx_word' id='word_1_322' title='bbox 1198 3963 1326 4018; x_wconf 80' lang='lat' dir='ltr'><strong>Adiauos:</strong></span> <span class='ocrx_word' id='word_1_323' title='bbox 1338 3965 1410 4020; x_wconf 78' lang='lat' dir='ltr'><strong>Nara</strong></span> <span class='ocrx_word' id='word_1_324' title='bbox 1420 3984 1459 4018; x_wconf 78' lang='lat' dir='ltr'><strong>aa·</strong></span> 
     </span>
     <span class='ocr_line' id='line_1_37' title="bbox 294 4029 1459 4100; baseline 0.007 -21"><span class='ocrx_word' id='word_1_325' title='bbox 294 4033 387 4096; x_wconf 75' lang='lat' dir='ltr'><strong>proin</strong></span> <span class='ocrx_word' id='word_1_326' title='bbox 398 4031 510 4081; x_wconf 77' lang='lat' dir='ltr'><strong>sediculo</strong></span> <span class='ocrx_word' id='word_1_327' title='bbox 528 4031 601 4097; x_wconf 78' lang='lat' dir='ltr'><strong>operi</strong></span> <span class='ocrx_word' id='word_1_328' title='bbox 611 4047 680 4098; x_wconf 82' lang='lat' dir='ltr'><strong>prce</strong></span> <span class='ocrx_word' id='word_1_329' title='bbox 715 4047 800 4081; x_wconf 82' lang='lat' dir='ltr'><strong>orum</strong></span> <span class='ocrx_word' id='word_1_330' title='bbox 818 4035 908 4083; x_wconf 76' lang='lat' dir='ltr'><strong>ceteris</strong></span> <span class='ocrx_word' id='word_1_331' title='bbox 924 4029 997 4084; x_wconf 74' lang='lat' dir='ltr'><em>MSS.</em></span> <span class='ocrx_word' id='word_1_332' title='bbox 1011 4035 1130 4100; x_wconf 82' lang='lat' dir='ltr'><strong>praefert</strong></span> <span class='ocrx_word' id='word_1_333' title='bbox 1139 4031 1278 4087; x_wconf 82' lang='lat' dir='ltr'><strong>vadianos.</strong></span> <span class='ocrx_word' id='word_1_334' title='bbox 1313 4032 1459 4088; x_wconf 60' lang='lat' dir='ltr'><strong>Praedones*-</strong></span> 
     </span>
     <span class='ocr_line' id='line_1_38' title="bbox 299 4097 1459 4172; baseline 0.008 -26"><span class='ocrx_word' id='word_1_335' title='bbox 299 4105 372 4147; x_wconf 81' lang='lat' dir='ltr'><strong>aatus</strong></span> <span class='ocrx_word' id='word_1_336' title='bbox 383 4101 410 4147; x_wconf 80' lang='lat' dir='ltr'><strong>r&#39;n</strong></span> <span class='ocrx_word' id='word_1_337' title='bbox 422 4099 548 4164; x_wconf 63' lang='lat' dir='ltr'><strong>sopierat</strong></span> <span class='ocrx_word' id='word_1_338' title='bbox 559 4098 646 4150; x_wconf 83' lang='lat' dir='ltr'><strong>codice</strong></span> <span class='ocrx_word' id='word_1_339' title='bbox 681 4097 798 4150; x_wconf 87' lang='lat' dir='ltr'><strong>aldianes</strong></span> <span class='ocrx_word' id='word_1_340' title='bbox 817 4108 1054 4162; x_wconf 70' lang='lat' dir='ltr'><strong>coaetanea-rorat,</strong></span> <span class='ocrx_word' id='word_1_341' title='bbox 1071 4104 1105 4151; x_wconf 73' lang='lat' dir='ltr'><strong>ias</strong></span> <span class='ocrx_word' id='word_1_342' title='bbox 1120 4103 1214 4152; x_wconf 66' lang='lat' dir='ltr'><strong>ditatos</strong></span> <span class='ocrx_word' id='word_1_343' title='bbox 1229 4103 1292 4154; x_wconf 61' lang='lat' dir='ltr'><strong>locas</strong></span> <span class='ocrx_word' id='word_1_344' title='bbox 1302 4103 1390 4172; x_wconf 73' lang='lat' dir='ltr'><strong>quibus</strong></span> <span class='ocrx_word' id='word_1_345' title='bbox 1405 4102 1459 4155; x_wconf 79' lang='lat' dir='ltr'><strong>Sir·</strong></span> 
     </span>
     <span class='ocr_line' id='line_1_39' title="bbox 300 4165 1288 4236; baseline 0.008 -21"><span class='ocrx_word' id='word_1_346' title='bbox 300 4167 401 4216; x_wconf 82' lang='lat' dir='ltr'><strong>mondus</strong></span> <span class='ocrx_word' id='word_1_347' title='bbox 411 4165 544 4218; x_wconf 80' lang='lat' dir='ltr'><strong>Audianos</strong></span> <span class='ocrx_word' id='word_1_348' title='bbox 557 4167 644 4218; x_wconf 77' lang='lat' dir='ltr'><strong>edidit.</strong></span> <span class='ocrx_word' id='word_1_349' title='bbox 682 4167 791 4218; x_wconf 77' lang='lat' dir='ltr'><strong>Graecis</strong></span> <span class='ocrx_word' id='word_1_350' title='bbox 801 4185 892 4219; x_wconf 78' lang='lat' dir='ltr'><strong>reuera</strong></span> <span class='ocrx_word' id='word_1_351' title='bbox 905 4171 1023 4220; x_wconf 67' lang='lat' dir='ltr'><strong>discutiar</strong></span> <span class='ocrx_word' id='word_1_352' title='bbox 1031 4166 1152 4220; x_wconf 78' lang='grc' dir='ltr'>Αὖδιανοί.</span> <span class='ocrx_word' id='word_1_353' title='bbox 1187 4169 1288 4236; x_wconf 84' lang='lat' dir='ltr'><strong>(Benad</strong></span> 
     </span>
    </p>
   </div>
   <div class='ocr_carea' id='block_1_4' title="bbox 366 4169 1398 4316">
    <p class='ocr_par' dir='ltr' id='par_1_9' title="bbox 366 4169 1398 4316">
     <span class='ocr_line' id='line_1_40' title="bbox 366 4169 1398 4316; baseline 0.008 -32"><span class='ocrx_word' id='word_1_354' title='bbox 366 4232 429 4302; x_wconf 85' lang='lat' dir='ltr'><strong>Cap.</strong></span> <span class='ocrx_word' id='word_1_355' title='bbox 442 4233 483 4285; x_wconf 90' lang='lat' dir='ltr'><strong>LI.</strong></span> <span class='ocrx_word' id='word_1_356' title='bbox 495 4262 528 4272; x_wconf 98' lang='lat'><em>-</em></span> <span class='ocrx_word' id='word_1_357' title='bbox 548 4234 569 4286; x_wconf 92' lang='lat' dir='ltr'><strong>l.</strong></span> <span class='ocrx_word' id='word_1_358' title='bbox 581 4231 753 4286; x_wconf 51' lang='lat' dir='ltr'><strong>&amp;centenses</strong></span> <span class='ocrx_word' id='word_1_359' title='bbox 765 4237 921 4288; x_wconf 79' lang='lat' dir='ltr'><strong>addiderunt</strong></span> <span class='ocrx_word' id='word_1_360' title='bbox 931 4236 993 4288; x_wconf 85' lang='lat' dir='ltr'><strong>dicit</strong></span> <span class='ocrx_word' id='word_1_361' title='bbox 1003 4242 1103 4316; x_wconf 80' lang='lat' dir='ltr'><strong>patrem</strong></span> <span class='ocrx_word' id='word_1_362' title='bbox 1115 4237 1242 4292; x_wconf 81' lang='lat' dir='ltr'><strong>attilium.</strong></span> <span class='ocrx_word' id='word_1_363' title='bbox 1277 4169 1398 4308; x_wconf 62' lang='lat' dir='ltr'><strong>(deusd)</strong></span> 
     </span>
    </p>
   </div>
   <div class='ocr_carea' id='block_1_5' title="bbox 301 4299 1460 4438">
    <p class='ocr_par' dir='ltr' id='par_1_10' title="bbox 301 4299 1460 4438">
     <span class='ocr_line' id='line_1_41' title="bbox 366 4299 1460 4380; baseline 0.008 -27"><span class='ocrx_word' id='word_1_364' title='bbox 366 4299 428 4370; x_wconf 86' lang='lat' dir='ltr'><strong>Cap.</strong></span> <span class='ocrx_word' id='word_1_365' title='bbox 440 4301 494 4354; x_wconf 87' lang='lat' dir='ltr'>LII.</span> <span class='ocrx_word' id='word_1_366' title='bbox 506 4331 539 4342; x_wconf 88' lang='lat'><strong>—-</strong></span> <span class='ocrx_word' id='word_1_367' title='bbox 558 4301 580 4355; x_wconf 94' lang='lat' dir='ltr'><strong>l.</strong></span> <span class='ocrx_word' id='word_1_368' title='bbox 592 4301 669 4354; x_wconf 78' lang='lat' dir='ltr'><strong>Eda&#39;tr&#39;</strong></span> <span class='ocrx_word' id='word_1_369' title='bbox 678 4305 778 4356; x_wconf 79' lang='lat' dir='ltr'><strong>addunt</strong></span> <span class='ocrx_word' id='word_1_370' title='bbox 792 4301 1095 4376; x_wconf 78' lang='lat' dir='ltr'><strong>Constantinopohtanae</strong></span> <span class='ocrx_word' id='word_1_371' title='bbox 1112 4305 1237 4360; x_wconf 85' lang='lat' dir='ltr'><strong>ecelesiae</strong></span> <span class='ocrx_word' id='word_1_372' title='bbox 1252 4307 1384 4378; x_wconf 83' lang='lat' dir='ltr'><strong>episeopo,</strong></span> <span class='ocrx_word' id='word_1_373' title='bbox 1396 4310 1460 4380; x_wconf 77' lang='lat' dir='ltr'><strong>quod</strong></span> 
     </span>
     <span class='ocr_line' id='line_1_42' title="bbox 301 4367 647 4438; baseline 0.012 -20"><span class='ocrx_word' id='word_1_374' title='bbox 301 4389 316 4418; x_wconf 86' lang='lat' dir='ltr'><strong>a</strong></span> <span class='ocrx_word' id='word_1_375' title='bbox 329 4367 402 4422; x_wconf 75' lang='lat' dir='ltr'><strong><em>MSS.</em></strong></span> <span class='ocrx_word' id='word_1_376' title='bbox 414 4371 491 4422; x_wconf 82' lang='lat' dir='ltr'><strong>abeat.</strong></span> <span class='ocrx_word' id='word_1_377' title='bbox 526 4368 647 4438; x_wconf 72' lang='lat' dir='ltr'><strong>(Bened.)</strong></span> 
     </span>
    </p>
   </div>
   <div class='ocr_carea' id='block_1_6' title="bbox 300 4435 1458 4576">
    <p class='ocr_par' dir='ltr' id='par_1_11' title="bbox 300 4435 1458 4576">
     <span class='ocr_line' id='line_1_43' title="bbox 313 4435 1458 4516; baseline 0.011 -29"><span class='ocrx_word' id='word_1_378' title='bbox 313 4504 317 4514; x_wconf 37' lang='grc' dir='ltr'>Ι</span> <span class='ocrx_word' id='word_1_379' title='bbox 367 4435 429 4506; x_wconf 79' lang='lat' dir='ltr'><strong>Gap.</strong></span> <span class='ocrx_word' id='word_1_380' title='bbox 439 4436 504 4490; x_wconf 87' lang='lat' dir='ltr'>LIII.</span> <span class='ocrx_word' id='word_1_381' title='bbox 516 4465 550 4476; x_wconf 91' lang='lat'>-</span> <span class='ocrx_word' id='word_1_382' title='bbox 569 4438 591 4491; x_wconf 92' lang='lat' dir='ltr'><strong>l.</strong></span> <span class='ocrx_word' id='word_1_383' title='bbox 601 4437 646 4490; x_wconf 73' lang='lat' dir='ltr'><strong>Sto</strong></span> <span class='ocrx_word' id='word_1_384' title='bbox 657 4437 731 4494; x_wconf 77' lang='lat' dir='ltr'><em>MSS.</em></span> <span class='ocrx_word' id='word_1_385' title='bbox 746 4441 786 4496; x_wconf 75' lang='lat' dir='ltr'><strong>At</strong></span> <span class='ocrx_word' id='word_1_386' title='bbox 795 4441 859 4495; x_wconf 71' lang='lat' dir='ltr'><strong>eata</strong></span> <span class='ocrx_word' id='word_1_387' title='bbox 868 4441 956 4498; x_wconf 81' lang='lat' dir='ltr'><strong>dicens</strong></span> <span class='ocrx_word' id='word_1_388' title='bbox 968 4457 1041 4498; x_wconf 80' lang='lat' dir='ltr'><strong>orare</strong></span> <span class='ocrx_word' id='word_1_389' title='bbox 1052 4443 1093 4498; x_wconf 82' lang='lat' dir='ltr'><strong>vei</strong></span> <span class='ocrx_word' id='word_1_390' title='bbox 1105 4442 1197 4500; x_wconf 78' lang='lat' dir='ltr'><strong>offerre</strong></span> <span class='ocrx_word' id='word_1_391' title='bbox 1209 4459 1256 4516; x_wconf 86' lang='lat' dir='ltr'><strong>pre</strong></span> <span class='ocrx_word' id='word_1_392' title='bbox 1268 4445 1378 4500; x_wconf 80' lang='lat' dir='ltr'><strong>mortuis</strong></span> <span class='ocrx_word' id='word_1_393' title='bbox 1388 4445 1458 4500; x_wconf 80' lang='lat' dir='ltr'><strong>ohla-</strong></span> 
     </span>
     <span class='ocr_line' id='line_1_44' title="bbox 300 4504 752 4576; baseline 0.013 -22"><span class='ocrx_word' id='word_1_394' title='bbox 300 4509 461 4560; x_wconf 82' lang='lat' dir='ltr'><strong>tronemnon</strong></span> <span class='ocrx_word' id='word_1_395' title='bbox 473 4509 598 4575; x_wconf 82' lang='lat' dir='ltr'><strong>oportere.</strong></span> <span class='ocrx_word' id='word_1_396' title='bbox 632 4504 752 4576; x_wconf 74' lang='lat' dir='ltr'><strong>(Benaci.)</strong></span> 
     </span>
    </p>
   </div>
   <div class='ocr_carea' id='block_1_7' title="bbox 0 0 1560 4986">
    <p class='ocr_par' dir='ltr' id='par_1_12' title="bbox 0 0 1560 4986">
     <span class='ocr_line' id='line_1_45' title="bbox 0 0 1560 4986; baseline 0 1"><span class='ocrx_word' id='word_1_397' title='bbox 0 0 1560 4986; x_wconf 95' lang='lat' dir='ltr'><strong> </strong></span> 
     </span>
    </p>
   </div>
  </div>
 </body>
</html>
