3112 4986
579 187 665 228 umas
677 185 787 228 PRIMUS·
1197 183 1258 250 241

97 349 148 410 tos
170 346 342 426 convertit,
362 346 397 408 in
417 363 519 408 errore
538 363 611 410 uero
631 345 866 430 perseverantes
887 342 1038 426 perpetua
1058 339 1219 404 sanctione
1241 361 1260 402 a

100 449 319 512 communione
334 449 477 536 privavit.
735 431 744 452 ⁶

161 550 323 615 Vicesima
337 556 369 614 at
383 552 493 634 quinta
507 548 644 614 haeresis
660 555 709 614 est
722 549 933 630 Tatianorum,
947 568 966 611 a
980 546 1110 612 Tatiano
1126 543 1260 630 quodam
1277 555 1327 607 0¹12·
1341 553 1404 595 xxv·

97 655 257 734 instituta,
272 655 372 736 quiet
385 652 563 717 Encratitae
578 651 726 738 appellati
741 658 823 716 sunt.
845 651 887 716 Hi
898 652 1023 736 nuptias
1036 649 1196 730 damnant,
1211 653 1259 712 at·

99 775 159 840 que
181 757 309 821 omuino
328 777 419 841 pares
440 777 492 820 aas
511 755 769 821 fornicationibus
792 753 923 838 aliisque
944 753 1191 840 corruptionibus
1211 751 1259 815 sa·

101 861 205 941 ciunt,
226 879 284 924 nec
305 861 460 944 recipiunt
479 861 513 924 in
534 880 589 924 suo
605 879 734 924 numero
750 858 891 941 coniugio
912 861 1054 922 utentem
1077 875 1197 921 marem
1210 852 1261 918 vel

99 961 262 1026 feminam.
300 961 371 1026 Non
384 967 553 1028 vescuntur
568 962 730 1044 carnibus,
750 981 863 1044 easque
886 963 1011 1026 omnino
1032 959 1261 1024 abominantur.

101 1064 219 1128 Contra
238 1064 295 1129 hos
316 1068 455 1151 suscepit
473 1071 601 1131 sanctus
615 1064 808 1150 Epiphanius
823 1064 965 1147 Ancyrae
981 1061 1119 1128 Galatiae
1140 1064 1261 1147 episood

100 1187 172 1252 pus,
188 1167 340 1232 abiiciens
355 1171 400 1232 eis
415 1167 521 1233 ¹Pauli
535 1167 666 1255 apostoli
681 1167 845 1254 epistolam
859 1167 900 1232 ad
911 1166 1108 1232 Timotheum
1119 1167 1263 1250 primam,

102 1290 138 1334 eo
154 1269 239 1354 quod
252 1268 389 1335 habeant
403 1273 604 1336 cauteriatam
619 1272 857 1352 conscientiam,
876 1268 1078 1354 prohibentes
1098 1269 1216 1332 nubere
1230 1271 1264 1330 ot

101 1372 262 1436 abstinere
278 1372 424 1438 docentes
440 1395 459 1438 a
474 1374 552 1440 cibis
568 1395 645 1459 quos
660 1374 736 1439 deus
757 1375 875 1438 creavit
888 1371 929 1436 ad
942 1368 1178 1458 percipiendum
1192 1390 1264 1435 cum

102 1477 274 1558 gratiarum
288 1477 410 1541 actione
425 1476 570 1542 fidelibus
585 1483 617 1541 et
631 1476 680 1542 his
696 1479 750 1560 qui
765 1481 977 1560 cognoverunt
990 1477 1169 1539 veritatem:
1191 1473 1264 1557 quia

102 1579 207 1642 omnis
228 1583 368 1642 creatura
386 1577 437 1644 dei
456 1580 540 1644 bona
553 1585 617 1660 est,
636 1585 669 1642 et
687 1579 767 1644 nihil
781 1578 993 1644 obiiciendum
1008 1577 1091 1662 quod
1107 1597 1178 1642 oum
1193 1597 1263 1660 gra-

102 1683 218 1745 tiarum
240 1682 362 1746 actione
383 1684 563 1768 percipitur.
600 1683 818 1746 Sanctificetur
840 1684 924 1746 enim
944 1701 1001 1766 par
1019 1682 1150 1748 verbum
1166 1679 1217 1748 dei
1232 1685 1264 1744 st

104 1785 287 1848 orationem.
310 1784 515 1850 Abstinentes
531 1789 635 1848 autem
646 1789 769 1850 nostros
782 1783 949 1850 catholicos
961 1783 1078 1848 idcirco
1089 1783 1263 1865 laudamus,

102 1884 198 1970 ²quia
211 1905 276 1950 non
292 1888 451 1972 accipiunt
465 1887 566 1970 cibos,
587 1889 677 1971 quasi
696 1887 749 1971 qui
770 1887 877 1952 dicant
895 1885 1013 1950 malum
1027 1907 1097 1951 essa
1112 1887 1264 1971 accipere,

104 1988 161 2054 sed
177 1974 295 2054 bonum
309 1988 418 2054 dicunt
433 1997 464 2054 et
478 1992 640 2076 optimum,
655 1989 738 2074 quod
749 2011 782 2054 ss
797 1995 942 2054 asserunt
952 2010 1020 2054 esse
1036 1989 1076 2054 ad
1086 1990 1263 2074 percipien-

104 2091 182 2158 dum
200 2091 355 2175 indignos.
402 2093 453 2158 Sic
475 2093 511 2157 fit
528 2099 574 2157 ut.
585 2099 617 2157 et
635 2092 714 2158 illud
733 2099 885 2158 statutum
903 2091 1036 2178 apostoli
1055 2097 1265 2174 conservetur,

105 2195 190 2282 quod
205 2198 265 2278 ait,
286 2193 377 2260 ³Non
389 2197 585 2260 manducans
599 2197 841 2263 manducantem
859 2217 923 2261 non
935 2197 1067 2278 indicet,
1089 2207 1118 2260 et
1130 2196 1264 2262 mundn-

104 2321 182 2364 cans
196 2321 259 2364 non
273 2299 513 2363 nocndnocntem
525 2321 590 2364 non
602 2310 739 2384 opernm.
761 2299 831 2364 Non
846 2301 930 2364 onim
945 2305 1118 2364 creaturam
1129 2303 1265 2379 accusat,

104 2401 161 2467 sed
183 2422 218 2466 ae
239 2421 308 2466 esse
322 2400 419 2466 talem
438 2403 620 2499 pronuntiat
640 2401 712 2487 ‘qui
727 2421 761 2466 aa
777 2401 861 2468 dicat
877 2401 970 2468 huius
985 2402 1086 2488 epulis
1102 2401 1188 2466 refici
1201 2420 1265 2466 uon

103 2525 228 2570 mareri.
647 2533 649 2536 ·

167 2599 327 2672 Vicesima
348 2613 380 2671 et
394 2613 482 2672 sexta
496 2607 633 2672 haeresis
654 2607 863 2692 cataphryges
884 2611 944 2674 orti
958 2613 1042 2692 sunt,
1062 2610 1115 2692 qui
1133 2607 1193 2672 hoe
1207 2627 1265 2672 nc·
1283 2607 1335 2661 ⁰²1³·
1347 2609 1422 2650 '‘ffl-

103 2731 178 2777 men
194 2732 214 2775 a
228 2713 388 2796 prouincia
408 2731 472 2775 non
486 2731 505 2774 a
520 2709 662 2794 dogmate
678 2711 930 2798 adsumpserunt.
968 2711 1104 2789 Quorum
1124 2715 1266 2775 auctores

104 2816 233 2880 fuerunt
245 2813 427 2896 Montanus,
446 2813 554 2878 Prisca
568 2819 600 2878 et
613 2813 793 2878 Maximilla.
829 2813 871 2879 Hi
890 2816 995 2898 itaque
1010 2813 1180 2878 adventum
1201 2814 1265 2898 spi-

104 2921 184 2982 ritus
207 2918 309 2981 sancti
325 2938 343 2980 a
358 2915 483 2982 domino
503 2919 692 3002 promissum
712 2919 746 2981 in
766 2937 800 2981 se
820 2919 925 3003 potius
946 2937 1040 3001 quam
1061 2919 1095 2980 in
1117 2915 1266 3002 apostulis

104 3019 203 3084 tuisse
224 3018 375 3084 adserunt
395 3019 559 3085 redditum.
603 3019 764 3086 Secundus
784 3022 909 3106 nuptias
931 3041 986 3106 pro
1009 3019 1267 3085 fornicationibus

104 3121 241 3204 habent,
263 3128 295 3185 et
315 3121 385 3187 ideo
401 3121 510 3186 dicunt
524 3143 576 3188 aas
592 3125 771 3208 permisisse
786 3121 961 3208 apostolum
975 3122 1121 3206 Paulum,
1142 3124 1216 3207 quia
1230 3143 1268 3186 ex
1378 3129 1379 3132 ’

104 3231 195 3310 parte
211 3225 331 3289 sciebat
345 3231 376 3289 et
391 3245 429 3290 ax
443 3231 532 3310 parts
547 3225 763 3310 prophetabat.
785 3225 931 3290 Nondum
946 3227 1031 3292 euim
1041 3232 1171 3292 venerat
1185 3224 1268 3309 quod

105 3328 281 3414 perfectum
296 3334 353 3392 est.
386 3328 452 3392 Hoc
468 3333 572 3392 autem
585 3329 761 3413 perfectum
774 3331 809 3392 in
822 3328 1006 3393 Montanum
1020 3335 1053 3392 ot
1065 3331 1100 3393 in
1115 3331 1181 3392 eius
1195 3349 1267 3412 pro-

105 3430 275 3516 phetissas,
291 3449 368 3515 quas
384 3451 478 3516 supra
493 3429 638 3513 diximus,
652 3434 776 3496 venisse
793 3430 938 3496 dehraut.
963 3431 1122 3496 Hactenus
1137 3431 1268 3495 dixerim

107 3533 146 3600 de
161 3533 376 3619 cataphrygis.
415 3534 524 3599 Cetera
538 3553 616 3618 quaa
633 3532 780 3600 dicuutur
795 3535 885 3618 quasi
898 3536 1018 3598 incerta
1032 3539 1206 3618 praetereo,
1230 3531 1268 3595 do

106 3635 403 3720 infantis-sanguina
424 3657 476 3706 eos
499 3639 656 3722 accipere3
679 3637 763 3721 quod
782 3636 852 3702 ideo
874 3636 1024 3719 dicimus,
1048 3657 1089 3700 ne
1109 3635 1269 3700 videamur

107 3743 249 3822 ignorare
266 3742 371 3804 omnia
386 3759 463 3824 quae
481 3738 518 3803 de
534 3742 580 3805 eis
595 3739 750 3804 dicuntur.
778 3741 820 3806 Hi
834 3742 919 3807 onim
934 3741 987 3824 qui
1002 3743 1176 3804 contraeas
1191 3739 1268 3802 sori-

107 3849 249 3926 pserunt,
263 3841 343 3906 nihil
356 3841 429 3908 hinc
444 3844 568 3928 penitus
579 3849 802 3908 memorarunt.
824 3841 957 3929 Scripsit
972 3847 1080 3908 contm
1091 3861 1144 3906 eos
1154 3840 1271 3904 librum

109 3953 237 4012 sanctus
264 3944 371 4012 ¹Soter
394 3965 477 4031 papa
500 3944 609 4028 Urbis,
634 3952 667 4010 et
690 3945 874 4032 Apollonius
898 3945 1103 4031 Ephesiorum
1128 3944 1269 4008 antistes.

160 4130 223 4204 Gap.
235 4131 321 4187 XXV.
332 4161 366 4172 -
379 4132 402 4187 1.
416 4132 435 4185 1.
447 4131 559 4186 Timoth.
570 4131 613 4196 IV,
626 4129 700 4184 2-5.
753 4131 777 4184 2.
790 4133 914 4202 quianon
926 4131 981 4186 MS.
994 4133 1072 4199 Any,
1084 4139 1109 4184 et
1118 4131 1143 4185 Ι.
1155 4129 1187 4184 Β.
1201 4129 1270 4183 Cote-

110 4206 154 4255 lsr.
167 4203 243 4254 Ecet.
257 4203 303 4255 Gr.
316 4201 457 4263 alonem,
489 4199 558 4254 m.
588 4199 633 4252 uia
646 4199 749 4270 quando
760 4201 867 4252 nonMa.
880 4199 1077 4263 Rem.,Dunans.
1091 4207 1115 4251 et
1126 4201 1183 4254 edd.
1193 4199 1269 4252 Sirm.

113 4272 236 4324 Gattnnd.
288 4269 312 4322 3.
324 4269 397 4322 Rom.
410 4269 449 4322 XI
474 4269 517 4334 ‚3.
568 4217 592 4323 2.
606 4269 651 4338 qui
661 4267 717 4320 MS.
730 4267 797 4337 Aup.
803 4306 811 4331 ,
829 4277 853 4320 et
863 4267 888 4323 Ι.
902 4268 933 4321 B.
948 4267 1052 4321 Gotctar.
1069 4268 1086 4320 1.
1098 4269 1116 4322 t.
1123 4307 1131 4332 ‚
1149 4283 1201 4338 quo
1213 4266 1268 4321 MS.

110 4341 190 4403 Rom„
201 4349 225 4391 et
237 4340 294 4392 edd.
306 4337 382 4393 Statue.
398 4339 520 4390 Gallund.
1171 4393 1173 4398 .

160 4407 224 4477 Gap.
235 4406 333 4461 xxvi.
345 4437 378 4448 -
403 4407 425 4462 1.
438 4408 561 4459 Auctoris
572 4409 653 4459 nostra·
663 4408 826 4459 usamentum
843 4405 873 4458 dc
888 4404 976 4458 Sotere
991 4405 1114 4457 adom
1126 4403 1193 4458 Octo
1213 4403 1271 4474 bry-

110 4495 159 4544 9os
175 4477 302 4528 scribente
314 4477 443 4544 probatur
459 4475 588 4530 Dodwetto
603 4479 631 4526 a'n
648 4475 787 4528 Diuertat.
803 4475 894 4542 stupui.
912 4476 944 4526 dc
958 4469 1072 4526 socom.
1088 4473 1159 4528 uon.
1175 4423 1270 4541 Many.

1039 4557 1070 4610 16
