3112 4986
566 305 899 352 nammnsnman
1250 305 1313 372 219

147 465 306 532 ferendas.
341 465 381 532 Et
394 465 471 534 alias
487 465 615 550 qnidam
627 466 697 550 ipae
718 467 956 543 commemorat,
976 459 1033 526 sed
1053 459 1132 526 mihi
1151 457 1312 546 appellan-

147 565 210 634 dae
234 567 380 634 haereses
397 587 464 634 non
484 567 639 634 uidentur.
677 567 884 650 Quaecunque
909 569 1015 630 autem
1039 563 1107 628 sine
1133 563 1312 630 nominibus

148 673 254 757 posui,
267 691 327 736 neo
340 672 410 756 ipse
424 691 533 738 earum
547 673 676 738 nomina
691 671 952 736 commemorauit.

213 772 443 856 Luciferianos,
460 795 480 838 a
500 773 642 840 bacifero
664 772 839 852 Caralitano
862 771 1008 858 episcopo
1034 775 1156 836 exortos
1177 775 1210 834 et
1230 769 1312 836 cele·
1331 783 1382 834 ceo
1396 783 1488 824 bam·

149 875 249 942 briter
269 877 463 960 nominatos,
489 897 548 942 nec
568 876 760 962 Epiphanius
785 893 844 940 nec
862 873 1019 940 Philaster
1036 873 1120 938 inter
1138 871 1313 938 haereticos

148 978 271 1064 posuit,
292 979 384 1048 eredo
404 980 619 1046 tantummodo
640 979 794 1060 schisma,
815 998 879 1044 non
898 976 1053 1042 haeresim
1068 997 1121 1040 eos
1136 974 1313 1042 condidisse

148 1080 325 1148 credentes.
361 1082 455 1168 Apud
482 1083 639 1166 quendam
664 1089 769 1151 tamen
796 1082 885 1146 cuius
910 1100 1027 1146 nomen
1050 1079 1085 1146 in
1111 1079 1221 1144 eodem
1246 1079 1314 1143 eins

148 1183 302 1271 opusculo
327 1205 391 1250 non
412 1188 535 1266 inveni,
560 1186 594 1250 in
615 1183 781 1252 haereticis
801 1183 1015 1251 Lucilerianos
1037 1182 1157 1268 positos
1178 1180 1240 1264 legi
1259 1201 1315 1266 per

147 1285 347 1354 haecuerba:
362 1287 682 1372 Luciferianiinquit,
697 1307 767 1352 cum
783 1293 913 1352 teneant
927 1289 961 1352 in
973 1285 1117 1354 omnibns
1130 1283 1315 1352 catholicam

147 1389 331 1474 ventatem,
351 1390 384 1454 in
399 1391 483 1456 hunc
498 1411 634 1456 errorem
649 1389 870 1456 stultissimum
884 1387 1105 1474 prolabuntur,
1124 1394 1160 1454 nt
1178 1388 1315 1456 animam

149 1491 259 1558 dicant
278 1513 317 1558 ex
337 1494 548 1560 transfusione
570 1492 729 1576 generari,
749 1491 921 1576 eademque
941 1491 1052 1556 dicunt
1071 1497 1103 1556 et
1122 1491 1161 1556 de
1177 1511 1268 1556 carne
1284 1497 1316 1555 et

149 1593 192 1660 de
206 1594 310 1660 carnis
330 1615 398 1662 esse
419 1595 604 1662 substantia.
641 1595 754 1662 Utrum
777 1615 849 1678 ergo
868 1593 928 1658 iste
948 1599 1075 1679 propter
1092 1593 1153 1660 hoc
1175 1593 1258 1677 quod
1277 1591 1315 1658 da

149 1695 257 1762 anima
270 1698 316 1762 ita
330 1701 471 1764 sentiunt
486 1697 525 1784 (si
539 1706 647 1764 tamen
660 1717 733 1764 vere
745 1701 791 1762 ita
804 1693 965 1779 sentiunt),
980 1717 1033 1762 eos
1048 1695 1131 1762 inter
1141 1695 1316 1762 haereticos

149 1799 313 1886 ponendos
329 1821 399 1865 esse
414 1801 597 1884 crediderit,
616 1806 764 1885 recteque
785 1799 970 1880 crediderit,
990 1820 1031 1863 an
1050 1799 1148 1864 etiam
1162 1799 1190 1864 ei
1204 1799 1239 1864 id
1252 1817 1316 1864 non

148 1902 315 1984 sentirent,
330 1906 395 1968 sive
409 1925 474 1968 non
489 1907 639 1986 sentiunt,
654 1903 724 1970 ideo
735 1909 842 1968 tamen
853 1901 918 1966 sint
932 1899 1093 1985 haeretici,
1108 1901 1181 1986 quia
1192 1901 1315 1966 dissen-

150 2004 273 2072 sionem
287 2025 377 2072 suam
391 2007 547 2094 pertinaci
561 2005 760 2074 animositate
776 2007 950 2088 firmarunt,
965 2005 1028 2072 alia
1039 2007 1179 2090 quaestio
1191 2010 1315 2086 estne-

150 2127 213 2192 qua
226 2107 287 2174 hoo
302 2107 369 2176 loco
383 2109 462 2176 mibi
476 2109 600 2176 uidetur
614 2131 683 2176 esse
699 2109 872 2176 tractanda.

214 2209 436 2278 Iovinianistas
457 2233 578 2298 quoque
608 2212 692 2299 apnd
715 2214 812 2280 istum
839 2212 942 2298 reperi
968 2233 1044 2296 quos
1071 2212 1136 2280 iam
1157 2233 1315 2280 noueram.
1334 2217 1385 2270 ⁰¹¹³·
1402 2217 1508 2258 ΜΗ·

149 2313 356 2382 Aloviniano
372 2314 507 2400 quodam
520 2315 674 2382 monacho
688 2315 750 2382 ista
763 2315 902 2382 haeresis
923 2321 991 2380 orta
1011 2322 1059 2380 est
1078 2322 1179 2382 aetate
1199 2323 1317 2399 nostra,

152 2437 228 2484 cnm
245 2417 348 2483 adhuc
369 2421 499 2484 iuvenes
521 2439 672 2486 essemus.
710 2419 786 2484 ιΗὶο
811 2418 916 2486 omnia
939 2424 1086 2504 peccata,
1111 2421 1194 2486 sicut
1219 2419 1316 2486 Stoici

151 2517 342 2606 philosophi,
356 2524 445 2607 paria
459 2542 528 2588 esse
543 2521 681 2606 dicebat,
694 2541 753 2590 nec
768 2541 862 2608 posse
876 2541 1007 2607 peccare
1018 2520 1178 2588 hominem
1192 2521 1316 2588 lavacro

151 2623 396 2706 regenerationis
411 2629 550 2710 accepto,
564 2647 622 2691 nec
638 2625 756 2710 aliquid
771 2624 918 2710 prodesse
933 2623 1051 2690 ieiunia
1065 2623 1114 2693 vel
1130 2647 1149 2688 a
1164 2623 1243 2690 cibis
1258 2624 1317 2692 ali·

154 2724 271 2810 quibus
284 2726 518 2794 abstinentiam.
554 2728 775 2812 Virginitatem
788 2728 905 2794 Mariae
916 2724 1110 2810 destruebat,
1125 2727 1233 2794 dicens
1248 2747 1318 2794 eam

151 2827 303 2914 pariendo
325 2830 420 2896 fnisse
441 2837 629 2916 corruptam.
666 2829 885 2914 Virginitatem
911 2830 1004 2896 etiam
1031 2829 1318 2896 sanctimonialium

153 2939 187 2996 et
201 2931 427 2998 continentiam
442 2953 535 2998 sexus
550 2933 649 3004 virilis
665 2936 697 3000 in
713 2935 830 3000 sanctis
846 2933 1033 3018 eligentibus
1053 2931 1207 3000 caelibem
1220 2933 1319 3002 uitam

154 3032 371 3118 coniugiorum
391 3043 548 3104 castorum
569 3043 662 3121 atque
683 3036 822 3104 fidelium
840 3038 962 3102 meritis
982 3036 1193 3120 adaequabat,
1219 3039 1265 3102 ita
1283 3042 1319 3104 ut

153 3136 308 3222 quaedam
322 3139 459 3222 uirginea
474 3159 581 3206 sacrae
601 3146 766 3226 provectae
786 3139 850 3206 iam
865 3139 977 3204 aetatis
992 3141 1025 3204 in
1041 3141 1116 3206 urbe
1131 3140 1245 3222 Roma,
1264 3139 1319 3206 ubi

152 3237 232 3306 haec
249 3239 391 3322 docebat,
406 3261 442 3306 eo
458 3242 564 3308 audito
579 3243 724 3328 nupsisse
741 3242 894 3308 dicantur.
935 3241 1006 3308 Non
1021 3263 1096 3308 sana
1111 3245 1179 3328 ipse
1195 3242 1246 3308 vel
1260 3241 1317 3308 ha·

153 3341 250 3408 habat
263 3341 314 3410 vel
328 3343 443 3410 hahere
458 3345 584 3412 volebat
598 3367 741 3428 uxorem,
761 3345 844 3430 quod
864 3367 927 3410 non
947 3351 1073 3431 propter
1092 3345 1219 3430 aliquod
1234 3345 1318 3431 apud

154 3445 248 3513 deum
269 3449 370 3511 maius
390 3450 538 3514 meritum
556 3449 590 3514 in
610 3469 704 3532 regno
730 3449 813 3514 vitae
833 3454 1003 3534 perpetuae
1027 3449 1238 3533 prolaturum,
1261 3449 1318 3514 sed

152 3555 281 3637 propter
293 3557 493 3636 praesentem
501 3551 649 3637 prodesse
664 3553 897 3632 necessitatem,
912 3551 971 3614 hoc
986 3559 1035 3616 est
1049 3571 1088 3616 ne
1101 3549 1194 3616 homo
1209 3552 1316 3618 coniu-

151 3651 237 3737 gales
253 3653 392 3738 patiatur
405 3652 576 3736 molestias,
591 3653 780 3739 disputabat.
818 3653 885 3718 Cito
905 3659 1012 3718 tamen
1025 3654 1089 3718 ista
1106 3653 1247 3720 haeresis
1262 3675 1317 3740 op·

151 3775 263 3840 pressa
277 3763 309 3818 et
324 3755 464 3820 extincta
477 3762 536 3839 est,
550 3777 609 3822 nec
624 3777 722 3842 usque
738 3755 777 3822 ad
793 3755 1009 3841 deceptionem
1024 3755 1199 3841 aliquorum
1213 3777 1317 3824 sacer·
1347 3802 1354 3814 ·

154 3855 263 3924 dotum
277 3860 379 3943 potnit
393 3861 565 3943 pervenire.

216 3959 296 4028 Cum
310 3959 438 4026 Eusebii
452 3960 614 4028 historiam
628 3969 842 4048 perscrutatus
857 3981 970 4042 essem,
992 3962 1042 4028 cui
1056 3963 1187 4030 Rufinus
1200 3983 1221 4034 a
1236 3963 1318 4040 sein
1336 3981 1387 4034 cn·
1400 3981 1517 4024 tumn·

152 4063 298 4130 Latinam
312 4063 452 4146 linguam
466 4065 637 4129 translatae
659 4065 917 4148 subsequentium
938 4067 1034 4132 etiam
1048 4071 1225 4151 temporum
1240 4065 1317 4132 duos
1372 4109 1377 4118 ·

153 4163 250 4232 libros
273 4165 412 4248 addidit,
431 4187 495 4232 non
513 4167 619 4234 inveni
640 4167 777 4254 aliquam
796 4167 968 4262 haeresim,
990 4189 1085 4252 quam
1105 4189 1168 4234 non
1187 4167 1318 4252 legerim

152 4269 237 4354 apud
252 4271 346 4352 istos,
367 4272 430 4335 nisi
450 4289 545 4356 quam
558 4275 593 4336 in
608 4275 696 4336 sexto
711 4270 791 4336 libro
806 4271 895 4356 ponit
907 4269 1077 4354 Eusebius,
1098 4291 1231 4338 narrans
1247 4294 1317 4339 eam

155 4372 295 4440 extitisse
309 4372 344 4438 in
358 4371 484 4440 Arabia
517 4373 627 4460 Itaque
641 4372 699 4440 hos
713 4372 898 4458 haereticos,
913 4373 1059 4459 quoniam
1073 4373 1194 4444 nullum
1210 4395 1317 4444 eorum

221 4591 283 4664 Gap.
295 4587 430 4648 LXXXII.
444 4623 476 4634 -
497 4593 517 4647 1.
536 4593 565 4650 V.
578 4595 706 4650 Admonet.
718 4599 746 4648 a'a
758 4597 801 4652 aa
815 4597 845 4650 da
859 4595 928 4652 Bono
939 4595 1042 4666 omno.
1056 4607 1111 4652 rona
1131 4595 1176 4652 Vl.
1196 4593 1316 4667 (Βοιώ)
