3122 4990
286 239 347 308 143
673 184 675 193 ,
789 239 939 284 sunum

284 403 344 478 est,
358 399 403 460 ita
417 402 449 460 et
461 396 517 460 illa
531 395 675 461 caelestis
690 416 765 461 esca
779 397 817 462 ds
833 397 901 482 lege
916 395 1125 464 desideranda
1138 403 1188 462 est
1201 397 1354 482 amplius,
1369 395 1446 464 fides
1549 389 1550 444 ἶ

285 501 430 584 ¹⁰quippe
447 499 563 564 Christi
578 498 697 564 domini
712 499 749 563 de
765 499 833 582 lege
849 507 881 564 et
894 501 1055 586 prophetis
1067 500 1238 566 adveniens
1250 500 1447 586 cupientibus
1549 559 1550 564 ,

281 603 426 684 gloriosa,
441 623 534 686 quam
549 605 648 684 magis
663 603 760 666 Maria
774 623 869 687 quam
883 603 1006 668 Martha
1020 602 1166 686 elegerat,
1183 603 1305 668 dicente
1322 602 1448 668 domino

282 707 433 770 maiorem
453 704 588 770 sorteml
608 706 739 769 Mariam
760 705 908 788 elegisse,
934 727 1012 790 quae
1032 727 1096 770 non
1119 705 1321 770 llauferretur
1341 706 1382 769 ab
1403 726 1448 770 ea

281 807 359 890 Ergo
376 810 403 872 si
419 807 507 888 dixit,
531 807 661 872 Venitur
676 805 863 873 ¹²oanttatto‘
873 819 926 889 eet,
943 831 1024 894 quac
1034 811 1069 873 in
1083 810 1186 874 seculo
1198 821 1280 890 amet,
1295 809 1374 874 haec
1386 810 1448 873 uti·

281 931 341 996 que
352 913 549 974 transeuntia
559 910 763 994 praedicavit,
777 915 904 996 propter
915 911 1053 976 suturam
1063 911 1150 976 illam
1161 911 1293 994 gloriam
1305 913 1447 976 eininen·

281 1019 347 1078 tem
366 1035 403 1077 ao
422 1019 622 1098 perpetuam,
642 1020 678 1077 ut
697 1015 742 1077 ait
761 1011 950 1100 apostolus¹:
982 1013 1113 1078 Transit
1131 1017 1212 1078 enim
1223 1015 1335 1101 fipura
1356 1014 1448 1078 huius

279 1117 392 1182 mundi
405 1127 434 1180 ot
445 1117 560 1202 glorio.
583 1116 618 1181 Si
632 1122 738 1180 autern
752 1117 850 1198 figura
864 1121 896 1180 et
910 1118 975 1180 vita
989 1123 1021 1180 et
1032 1116 1130 1181 honor
1144 1124 1176 1180 et
1188 1117 1322 1200 dignitas
1337 1116 1449 1182 mnndi

280 1221 371 1284 istius
388 1219 557 1282 cessabunt
572 1225 603 1282 et
618 1218 835 1300 destruentur,
849 1219 904 1282 illa
919 1221 1034 1303 quippe
1050 1221 1110 1284 erit
1124 1217 1331 1286 desideranda
1346 1219 1447 1284 caele·

281 1324 339 1386 stis
356 1329 388 1384 et
401 1321 543 1404 angelica
560 1321 739 1403 dignitate,
754 1341 832 1405 quae
848 1323 1120 1405 incorporatione¹¹
1135 1343 1171 1386 ao
1186 1324 1334 1406 passione
1350 1329 1383 1386 et
1397 1343 1447 1386 re-

279 1426 471 1488 surrectione
495 1427 610 1510 quippe
634 1430 683 1488 est
705 1424 821 1488 Christi
845 1423 1045 1489 credentibus
1068 1424 1255 1506 adventura,
1281 1445 1361 1508 quae
1384 1445 1447 1488 nou

280 1526 477 1612 temporalis,
493 1527 627 1592 carnalia
642 1549 679 1592 ac
694 1525 812 1592 caduca
827 1528 902 1608 erit,
917 1533 951 1591 ut
965 1525 1152 1592 Iudaeorum
1172 1527 1346 1591 secundum
1361 1527 1447 1592 litte·

280 1651 363 1712 ram,
384 1636 416 1694 et
436 1630 569 1696 aliorum
588 1630 699 1694 talium
718 1631 933 1714 pereuntium,
952 1632 986 1694 in
1001 1636 1161 1715 posterum
1176 1635 1281 1694 autem
1295 1629 1375 1694 nihil
1391 1651 1446 1696 ex·

212 1814 217 1824 .
280 1734 481 1818 pacientiam.
505 1733 637 1817 Propter
652 1731 735 1816 quod
751 1731 828 1796 dicit
842 1731 1024 1813 domiuus0,
1043 1731 1228 1818 Οριιαιιιίιιι
1237 1754 1350 1814 meana,
1365 1754 1447 1818 qaue

278 1858 343 1900 aon
353 1838 454 1922 perit,
478 1835 541 1900 l³id
556 1842 605 1898 est
619 1841 654 1900 ιιι
669 1834 803 1899 credatis
818 1836 852 1898 in
865 1855 927 1917 me,
943 1855 1036 1918 quem
1047 1835 1135 1898 misit
1145 1841 1233 1919 pater
1244 1855 1343 1898 meus.
1366 1833 1445 1916 Ergo
1549 1875 1550 1882 ι

279 1959 342 2003 non
359 1937 536 2003 1⁴Solomon
556 1938 594 2001 de
613 1938 673 2002 hac
694 1958 767 2001 osca
786 1936 888 2002 solum
908 1937 1026 2002 carneli
1045 1937 1185 2019 dicebat,
1207 1937 1245 2002 de
1265 1936 1321 2000 illa
1340 1943 1445 2000 autem

279 2041 563 2126 praetermittebat,
579 2038 634 2104 sed
650 2039 807 2104 ffiversam
822 2061 926 2105 escam
941 2040 1132 2122 gloriamque
1148 2045 1329 2104 sanctorum
1342 2039 1444 2104 horni-

280 2163 357 2208 num
371 2142 552 2225 nuntiabat,
575 2141 731 2206 carnalem
753 2146 867 2226 quippe
882 2145 1017 2227 primam
1032 2144 1113 2207 vitae
1128 2143 1291 2206 hominum
1304 2143 1338 2206 in
1353 2163 1444 2227 prae-

281 2247 364 2311 senti
379 2246 500 2328 seculo,
520 2251 653 2330 postque
674 2253 808 2310 mortem
824 2245 992 2311 caelestem
1005 2245 1093 2309 illam
1107 2251 1139 2308 et
1153 2245 1326 2328 angelicam
1341 2244 1445 2330 digni-

280 2354 378 2412 tatem
391 2351 483 2412 iustis
498 2354 530 2414 et
545 2347 630 2412 lideli
645 2348 859 2413 adventuram.
893 2349 1043 2432 Hancque
1060 2347 1216 2413 carnalem
1229 2347 1317 2412 velut
1330 2367 1445 2414 vanam

280 2457 312 2514 et
326 2451 547 2535 temporalem,
567 2449 754 2514 Iudaeorum
774 2453 888 2534 quippe
908 2449 1100 2534 aliorumque
1119 2449 1229 2514 talium
1248 2451 1444 2516 iustificatio-

278 2575 367 2636 nem,
387 2555 547 2638 vitamque
568 2553 809 2637 ¹⁵persundam1’
824 2553 1005 2635 nuntiabat,
1025 2559 1061 2616 ut
1079 2553 1224 2616 umbram
1243 2573 1314 2617 esse
1329 2574 1444 2636 cogno-

280 2641 414 2738 scerent,
431 2658 588 2740 vitamque
604 2657 741 2740 corporis
753 2654 957 2738 temporalem
969 2675 1031 2718 non
1042 2654 1140 2719 multo
1152 2661 1224 2740 post
1235 2655 1445 2738 decidentem,

267 2762 311 2824 'in
326 2761 558 2844 comparatione
575 2760 689 2842 quippe
705 2757 848 2822 caelestis
862 2757 947 2822 illius
961 2777 997 2821 ac
1009 2764 1177 2843 perpetuae
1193 2758 1365 2841 dignitatis,
1380 2779 1444 2822 non

276 2864 466 2945 ignorarent.
499 2861 545 2924 De
562 2881 623 2944 qua
638 2881 711 2924 esca
725 2861 769 2924 ait
784 2865 816 2923 et
831 2859 1018 2945 prophetae,
1052 2857 1183 2927 Gustata
1197 2871 1228 2924 et
1240 2861 1349 2944 videte,
1366 2863 1444 2948 quia

277 2967 384 3030 aeaeis
400 2975 443 3026 est
458 2964 610 3028 dominus.

74 3077 261 3198 (cqppexcxxquss-
340 3066 398 3132 Est
411 3065 548 3129 haeresis
564 3085 642 3147 quae
659 3063 698 3128 de
714 3063 851 3129 Canticis
865 3063 1084 3130 Cantioornm⁸
1097 3065 1238 3149 ambigit,
1251 3067 1321 3152 ipsa
1331 3065 1444 3133 itidem

349 3235 387 3286 10.
406 3233 501 3304 quippe
517 3251 563 3286 om.
580 3233 615 3286 A.
670 3233 709 3286 11.
728 3232 871 3286 auferretur
889 3232 921 3285 B.
939 3233 1069 3287 auferetur
1086 3235 1184 3302 reliqui.
1239 3233 1278 3289 12.
1294 3235 1407 3290 vanitati
1419 3237 1443 3290 b.

281 3302 320 3357 13.
331 3303 357 3355 id
369 3307 409 3354 est
421 3321 467 3354 om.
481 3303 503 3353 t.
558 3301 596 3354 14.
609 3301 735 3354 Salomon
747 3303 770 3355 b.
825 3301 863 3354 15.
877 3301 1035 3370 pereundam
1048 3303 1098 3356 Ac.
1111 3302 1266 3372 parandam
1278 3305 1378 3372 reliqui.

346 3371 383 3424 (la
402 3412 408 3423 .
422 3369 554 3424 CXXXV.
567 3374 593 3421 in
606 3371 662 3422 abc.
679 3373 829 3438 inscriptum
847 3379 884 3421 eat
899 3369 1030 3423 Harpasta
1042 3387 1078 3422 na
1091 3385 1213 3424 caturcis
1227 3371 1347 3440 (charior
1360 3391 1383 3428 c.
1410 3373 1443 3425 Ia

279 3442 301 3496 b.
312 3389 458 3500 crocodillum
470 3440 516 3491 hoc
528 3443 626 3491 omnino
638 3437 811 3508 desideratur)
825 3453 995 3493 caurrcoavu
1003 3455 1090 3494 niuno.
1103 3469 1137 3479 —

302 3613 328 3666 k.
346 3612 472 3665 maiorem
484 3611 592 3676 sortem]
613 3607 677 3676 ,Τὴν
690 3605 783 3679 ἀγαθὴν
793 3626 834 3679 με·
886 3606 1048 3678 ,Ἐργάζεσθε
1055 3607 1137 3678 μὴτὴν
1145 3609 1235 3678 βρῶσιν
1242 3608 1285 3676 rhu
1297 3607 1442 3680 ἀπολλυμέ-

279 3681 348 3752 ptos*
365 3679 451 3734 Lucae
464 3679 499 3731 X.
510 3679 551 3730 ta.
587 3677 643 3744 (F.)
885 3677 951 3741 νην.”
969 3695 992 3730 v.
1006 3677 1046 3732 29.
1061 3677 1113 3742 ,loa
1130 3679 1272 3744 πιστεύσητε
1288 3676 1320 3740 εἰς
1336 3677 1365 3731 br
1382 3676 1442 3731 aaa·

312 3751 328 3804 l.
347 3750 424 3801 utait
441 3748 586 3817 apostolus]
618 3745 706 3798 100r.
721 3743 776 3798 VII.
791 3744 831 3797 31.
884 3743 1099 3806 στιιλενὲκέίνος.”
1135 3745 1192 3810 (F.)

281 3815 403 3908 »Παξᾶιῑῑ
416 3815 462 3886 tl?
475 3814 502 3866 ‘⁸¹⁰
516 3818 602 3896 agape
614 3818 658 3894 {⁰²⁶²
670 3815 765 3894 ²⁶9e⁰⁰
775 3813 832 3894 τούς
916 3847 942 3900 p.
960 3831 1090 3898 vitamque
1098 3832 1268 3900 pereundam]
1286 3831 1336 3885 Pro
1341 3838 1443 3903 peritu-

279 3903 330 3937 του.
341 3887 347 3908 ’
358 3885 444 3939 herba
453 3894 477 3934 et
487 3885 572 3962 pleriq
583 3880 737 3935 Philastrrus
749 3882 832 3951 exph·
883 3917 916 3950 ,a
928 3898 1002 3963 dixit,
1015 3904 1044 3950 ut
1055 3915 1133 3968 sup„
1145 3915 1166 3950 ο,
1179 3899 1221 3952 80,
1256 3900 1312 3966 (p)

279 3955 355 4007 candi
367 3969 446 4006 cansa
457 3953 584 4004 adiunxit.
620 3950 676 4013 (F.)

294 4020 618 4144 ,ngaqero
637 4017 832 4089 veen-12³·
884 3999 1442 4142 ,attractarttfttttt{ott

279 4108 339 4212 en.
368 4093 593 4227 incorpolatlbne]
626 4152 831 4222 'Erartpormtca
883 4137 990 4204 (Falfl)

278 4227 318 4280 lte
329 4225 468 4294 legendum
479 4242 531 4278 uno
548 4224 690 4288 vocabulo,
707 4240 759 4293 quo
776 4239 832 4276 sae·
917 4222 979 4292 Cap.
992 4221 1193 4278 ema-a.
1206 4225 1238 4276 de
1246 4224 1362 4278 (leuticia
1371 4225 1442 4281 Gau·

279 4297 337 4365 pius
348 4299 435 4348 noster
447 4295 526 4346 utitur
538 4299 567 4345 ut
578 4293 617 4344 bis
629 4292 697 4346 intra
708 4309 764 4361 cap.
776 4291 832 4346 135.
882 4293 1003 4358 ficorum]
1021 4291 1188 4346 Salomonem
1204 4309 1251 4362 per
1262 4291 1332 4346 hunc
1343 4295 1441 4350 librum

279 4379 331 4416 nou
349 4363 458 4427 duobus,
475 4369 504 4414 ιιι
520 4361 591 4424 editi,
605 4364 832 4432 incorporatione.
882 4359 1062 4430 Aethiopissae
1077 4361 1193 4430 Reginae
1215 4361 1360 4418 blanditum
1381 4379 1442 4418 asae

280 4429 386 4494 (Febr.)
465 4465 468 4479 .
581 4495 586 4506 Ι
882 4428 1440 4500 protessustuitThsodornsMepstaetemes,

313 4513 339 4552 o.
355 4498 425 4566 quod
440 4497 504 4554 dicit
518 4495 649 4566 domum]
670 4495 725 4555 loli.
736 4495 779 4554 Vl.
791 4495 831 4552 27.
883 4498 953 4566 quod
975 4498 1138 4570 reprehendit
1153 4496 1338 4557 Theodoram.
1374 4501 1440 4556 Vide
