3120 4994
443 311 531 354 mult
543 257 801 356 Aurunculeium
815 309 970 352 mum.
1229 309 1291 376 275

114 473 216 536 terris
236 469 395 536 redditum
414 468 556 556 exemplo
578 473 753 534 ceterorum
773 471 970 534 excresceret
988 471 1021 530 et
1035 463 1246 532 effunderetur
1260 469 1292 530 ot
1368 517 1373 536 .

115 579 227 639 tot-um
242 573 349 638 orbem
364 580 396 637 et
410 572 556 657 impleret
575 579 607 636 et
621 577 797 656 occuparet.
833 571 880 636 De
895 567 1019 635 Christo
1035 573 1141 634 entem
1156 569 1202 634 sic
1218 589 1290 634 sen·

114 680 219 759 tiunt,
231 683 266 742 ut
274 677 381 742 dicunt
391 675 481 740 illum
488 675 705 740 tantummodo
714 673 790 738 Seth
803 680 896 759 etpro
904 675 972 758 ipso
982 671 1059 736 Seth
1070 674 1175 757 ipsum
1183 671 1289 736 fuisso.

190 780 392 866 Carpocrates
407 785 570 864 praeterea
585 777 665 842 hauc
680 776 754 840 tulit
768 781 902 842 sectum:
923 776 1028 842 Unum
1048 795 1117 840 esse
1133 774 1212 840 dicit
1225 777 1290 840 tn'r-
1308 793 1359 845 crp.
1373 793 1409 834 rx.

115 889 237 964 tutem,
250 885 284 947 in
299 882 512 969 superioribus
527 879 749 966 principalem,
770 900 808 943 ex
829 879 888 944 huc
902 879 1040 965 prolatos
1054 877 1182 961 angelos
1197 884 1290 962 etque

117 989 272 1068 virtutes,
294 1007 373 1070 quos
394 985 546 1050 distuntee
567 983 658 1066 longe
679 1003 698 1046 e
720 981 932 1068 superioribus
951 981 1122 1048 virtutibus
1136 979 1291 1046 mnndum

117 1091 221 1153 istum
235 1089 269 1152 in
283 1087 482 1152 inferioribus
497 1087 640 1172 pertibus
656 1084 848 1150 condidisse:
864 1084 1022 1150 Christum
1036 1105 1100 1150 non
1116 1105 1154 1150 ex
1168 1085 1289 1168 virgine

117 1191 223 1256 Meris
231 1199 352 1273 natum,
364 1191 420 1255 sed
432 1211 470 1254 ex
482 1191 602 1254 semine
613 1187 727 1273 Ioseph
738 1187 898 1252 hominem
908 1187 1125 1252 tantummodo
1138 1190 1289 1270 genitum,

119 1306 201 1358 sene·
216 1315 295 1378 pros
305 1296 417 1358 ceteris
431 1294 569 1356 iustitiae
584 1291 686 1372 cultu,
705 1292 788 1380 vitoe
808 1289 987 1372 integritate
1006 1289 1186 1370 meliorem3
1205 1289 1289 1356 hunc

119 1397 209 1482 apud
224 1397 355 1461 Iudaeos
370 1415 514 1480 pessum,
530 1395 630 1460 solem
644 1395 782 1458 animum
796 1395 896 1478 ipsius
911 1393 945 1458 iu
961 1392 1048 1459 caelo
1062 1399 1237 1478 receptam,
1253 1413 1289 1460 eo
1347 1383 1350 1391 ¹

120 1499 209 1584 quod
229 1507 260 1564 et
279 1499 398 1564 firmior
417 1503 450 1562 et
463 1497 621 1562 robustior
636 1496 749 1562 ceteris
766 1497 873 1575 inerit3
895 1517 935 1560 ex
950 1517 1011 1580 quo
1027 1494 1219 1579 ¹colligeret,
1239 1518 1289 1560 rc·

119 1607 246 1666 tentate
260 1602 436 1666 animarum
451 1600 517 1666 sola
532 1600 643 1680 solute,
658 1599 760 1664 nullas
777 1601 913 1684 corporis
928 1595 1181 1664 resurrectiones.

187 1705 263 1770 Post
276 1705 359 1769 hunc
376 1703 543 1769 Corinthus
558 1703 734 1768 haereticus
750 1704 862 1788 erupit,
878 1701 993 1766 similia
1008 1701 1133 1768 docens.
1161 1701 1242 1766 Nem
1258 1707 1289 1766 et
1306 1719 1357 1772 oss.
1370 1719 1395 1760 x.

120 1807 192 1893 ipse
207 1806 359 1872 mundum
373 1807 553 1871 institutum
568 1825 637 1871 esse
652 1805 692 1869 eb
703 1804 767 1870 illis
780 1803 869 1882 dioit;
886 1802 1044 1868 Christum
1056 1825 1095 1872 ex
1106 1807 1225 1870 semine
1236 1806 1287 1870 Io·

121 1907 203 1994 seph
218 1916 327 1974 netum
341 1911 501 1996 proponit,
521 1909 679 1974 hominem
699 1907 788 1972 illum
808 1907 1024 1978 tautummodo
1040 1909 1108 1972 sine
1124 1908 1288 1974 divinitate
1374 1955 1377 1962 -

122 2012 330 2096 contendens,
344 2015 446 2098 ipsum
462 2031 584 2096 quoqne
600 2011 700 2094 legem
715 2009 754 2074 ah
770 2009 889 2092 angelis
905 2009 1012 2074 dotem
1030 2010 1215 2095 perhibens,
1235 2012 1288 2076 lu-

122 2115 273 2181 daeorum
288 2115 381 2180 deum
396 2136 459 2180 non
475 2113 646 2194 dominnm,
662 2111 717 2177 sed
733 2111 878 2195 angelum
892 2133 1049 2198 promens.

187 2218 288 2283 Huius
303 2237 465 2284 successor
476 2217 575 2282 Ebion
591 2217 660 2298 luit,
675 2215 821 2280 Cerintho
836 2235 899 2280 non
911 2217 944 2280 in
956 2217 1042 2282 omui
1052 2223 1141 2303 perte
1155 2237 1288 2283 cousen-
1305 2233 1358 2284 cu·
1372 2233 1408 2274 ¹1·

121 2323 223 2403 tiene,
243 2320 327 2405 quod
346 2321 438 2386 adeo
459 2320 544 2386 dicut
556 2318 725 2402 muudum,
744 2338 808 2382 nou
823 2317 863 2382 uh
879 2317 998 2401 angelis
1012 2319 1145 2402 lectum,
1166 2327 1197 2383 et
1216 2323 1289 2404 quiu

122 2426 278 2508 scriptum
294 2426 345 2506 sit,
361 2423 476 2488 ¹Nemo
492 2421 664 2507 discipulus
680 2441 773 2506 snper
787 2421 982 2502 magistrum,
997 2441 1056 2488 nec
1072 2441 1180 2488 servus
1196 2443 1289 2510 super

123 2523 304 2608 dominnm,
318 2526 420 2610 legem
435 2529 529 2590 etium
544 2527 700 2610 proponit,
715 2523 838 2588 scilicet
851 2523 891 2587 ad
907 2523 1137 2590 excludendum
1153 2545 1287 2610 evenge-

123 2629 202 2693 lium
217 2635 248 2692 et
263 2627 487 2694 vindicandum
501 2625 704 2694 Iudaismum.

188 2732 375 2796 Valentinus
387 2739 492 2798 sutem
503 2731 677 2796 haereticus
688 2728 803 2794 multas
815 2729 989 2795 introduxit
1000 2730 1131 2796 sabulos.
1154 2731 1219 2796 Hes
1231 2751 1287 2815 ego
1306 2747 1356 2800 car·
1370 2748 1417 2788 m

124 2833 352 2900 circumcidens
367 2835 506 2899 breviter
520 2833 694 2919 expediam.
718 2830 892 2897 Introducit
906 2833 991 2896 euim
1005 2832 1149 2898 Pleroma
1163 2840 1195 2897 et
1205 2835 1287 2901 Aeo·

124 2959 181 3002 nes
197 2941 340 3020 triginte3
358 2940 485 3023 exponit
500 2943 603 3001 entem
619 2936 676 3001 hos
691 2955 747 3020 per
761 2936 918 3018 syzygias,
939 2935 971 3000 id
992 2941 1041 3000 est
1055 2939 1288 3019 coniugatioues

124 3040 286 3126 quasdem.
322 3041 403 3104 Nam
424 3039 500 3104 dicit
520 3042 553 3102 in
574 3041 683 3124 primis
703 3057 772 3102 esse
788 3037 911 3121 Bython
932 3044 963 3102 et
977 3038 1159 3122 Silentium,
1179 3061 1219 3106 ex
1237 3041 1288 3106 his

124 3145 331 3228 ¹prooessieee
346 3143 484 3208 Mentem
500 3149 532 3206 et
546 3142 734 3222 Veritatem,
754 3161 793 3204 ex
813 3141 927 3225 quihus
947 3143 1086 3227 erupisse
1101 3143 1238 3210 Verbum
1257 3149 1290 3208 et

123 3247 240 3327 Vitam,
251 3244 290 3310 de
303 3245 415 3330 quibus
426 3266 549 3310 rursum
562 3249 702 3308 erectum
709 3243 916 3308 Hominemet
925 3243 1107 3308 Ecclesium.
1130 3245 1289 3312 Sedenim

124 3369 164 3413 cx
178 3349 228 3412 his
243 3367 364 3432 qnoque
380 3349 570 3434 processisse
587 3346 752 3412 duodecim
765 3347 900 3428 Aeones,
916 3346 955 3411 de
971 3346 1121 3412 Sermone
1136 3354 1242 3414 nutem
1257 3355 1289 3412 et

125 3453 198 3516 Vite
211 3451 336 3516 Aeonas
352 3450 428 3516 alios
444 3450 567 3514 docem:
584 3449 665 3514 huuc
681 3469 749 3514 esse
764 3450 909 3514 Aeonum
922 3449 1136 3532 triacontade,
1157 3470 1236 3534 quae
1251 3451 1288 3516 lit

13 3599 16 3608 ·
69 3603 73 3616 .
125 3557 157 3618 in
173 3553 348 3618 Pleromate
363 3573 403 3618 ex
418 3552 555 3636 ogdoudc
572 3559 604 3616 et
615 3549 733 3616 decede
747 3573 785 3616 uc
798 3551 987 3616 duodecade.
1011 3551 1219 3618 Tricesimum
1230 3574 1285 3618 su-

123 3665 189 3722 tem
205 3657 345 3722 Aeonem
364 3655 488 3740 Bython
508 3655 597 3720 illum
617 3655 722 3718 videre
738 3653 877 3719 voluisse
899 3661 930 3718 et
949 3653 989 3718 ud
1008 3653 1178 3720 videndum
1197 3655 1287 3722 illum

124 3781 236 3824 ausum
257 3780 326 3824 osse
347 3761 380 3824 iu
401 3761 561 3844 superiore
581 3757 807 3837 conscendere,
827 3763 860 3821 et
878 3757 1026 3841 quonism
1040 3755 1081 3822 od
1095 3759 1287 3842 mugnitudi·

125 3883 198 3928 nem
212 3864 311 3948 ipsius
326 3861 495 3927 videndum
509 3881 608 3948 cepun
623 3881 686 3924 non
701 3859 775 3942 fuit,
790 3861 823 3924 in
839 3859 1013 3924 defectione
1028 3860 1125 3924 luisse
1141 3867 1173 3924 et
1186 3882 1286 3948 poeno

124 3965 312 4031 dissolutum
333 3981 418 4046 esse,
440 3966 501 4028 nisi
521 3961 591 4048 ²qui
610 3965 726 4026 missus
746 3959 786 4026 ud
802 3961 1088 4031 constebihcndum
1107 3961 1212 4046 illum,
1232 3964 1286 4030 ille

125 4089 219 4152 quem
238 4065 375 4153 appellet
394 4065 516 4150 lloron,
543 4066 757 4132 confirmasset
776 4063 863 4129 illum
882 4063 982 4130 ³dioto
1002 4065 1055 4132 leo
1076 4069 1285 4150 pronuntiato.

192 4255 229 4308 Cu
250 4297 256 4309 .
268 4251 314 4306 IX.
327 4283 360 4294 —
380 4253 401 4306 1.
420 4251 499 4322 Vulyo
512 4251 651 4322 colligeret,
663 4257 770 4306 tontole.
798 4250 882 4303 Utitur
892 4251 967 4304 certo
978 4257 1106 4306 retentare
1114 4270 1165 4323 pro
1175 4254 1286 4308 retinere

124 4329 200 4378 etium
236 4325 360 4376 ennodius
372 4325 403 4374 de
416 4321 534 4390 Dopmut.
548 4319 647 4374 Eccles.
659 4339 717 4390 cap.
729 4319 771 4372 31.
785 4319 852 4384 (64).

192 4391 255 4462 Cup.
268 4389 316 4446 Xl.
327 4421 361 4430 —-
381 4392 402 4442 l.
414 4389 507 4445 Mutth.
519 4390 554 4443 X.
567 4389 607 4443 24.
637 4387 698 4443 Luc.
712 4387 755 4442 vl.
766 4387 808 4441 40.
837 4387 891 4442 loh.
903 4387 975 4443 Xlll.
991 4388 1029 4442 16.

191 4461 230 4514 Ca
250 4459 325 4515 .xfl.
337 4490 370 4498 -
390 4459 411 4512 l.
424 4459 468 4512 Ito
480 4459 549 4511 Pete.
563 4458 721 4511 Ciacconiue.
750 4454 827 4508 Libri
838 4457 932 4508 loteot
940 4457 1100 4527 processisse
1112 4475 1201 4512 semen
1213 4459 1285 4514 Men·

124 4535 185 4586 tem.
228 4477 252 4582 l.
266 4527 447 4582 ItoLctim'us.
475 4526 612 4580 Librorum
622 4525 877 4596 parsquiumissus‚
907 4543 954 4578 cre
964 4527 1026 4597 quia
1036 4527 1159 4580 misisset.
1204 4527 1228 4582 3.
1241 4529 1285 4580 Ita
1352 4583 1354 4588 ,

125 4602 249 4668 rerer-spei
260 4615 311 4666 pro
328 4598 394 4666 tuly.
406 4596 474 4650 dicto
490 4595 538 4650 hoo
555 4595 725 4666 pronuncieto
742 4593 863 4665 appellet.
917 4601 973 4650 turu
992 4605 1048 4648 cett.
1072 4595 1224 4651 Vocabulum
1240 4596 1286 4652 luo

1036 4679 1084 4734 18·
