3120 4994
611 213 821 258 curaremus
1240 213 1301 280 249

136 376 244 456 regiae
257 373 408 459 praefuit,
427 371 468 438 de
487 371 619 438 daorsis
634 371 793 454 domibus,
812 370 867 436 ubi
881 369 1003 436 latebra
1020 369 1222 452 fovebantur,
1237 371 1302 434 sio-

139 482 210 544 otas
226 497 245 542 a
260 475 382 542 clericis
397 475 438 541 ad
453 475 619 542 ecclesiam
633 477 812 540 restitutam
827 473 980 540 adductas
999 473 1033 538 id
1051 475 1156 558 ipsum
1175 478 1303 558 propter

137 581 201 646 hoo
215 581 319 665 ipsum
334 599 443 666 passas
463 581 516 644 vix
537 585 568 642 et
588 577 764 663 compulsae
786 583 908 644 constat
922 597 993 641 esse
1008 577 1176 642 confessae.
1213 577 1302 642 Tune

25 727 30 736 -
139 687 244 750 totum
258 683 335 748 illud
349 685 567 768 turpissimum
578 682 691 763 scelus,
705 682 760 746 ubi
772 680 811 746 ad
823 680 1042 766 excipiendum
1054 685 1086 743 et
1097 681 1302 745 commiscen-

139 786 218 852 dum
233 785 508 852 concumbentium
523 805 631 850 semen
645 785 746 849 farina
761 784 986 864 substernitur,
1005 783 1160 869 profertur
1179 783 1213 846 in
1234 801 1302 848 me·

140 889 246 968 dium3
262 895 304 971 et,
319 889 402 973 quod
417 910 488 952 cum
503 889 625 953 infinito
641 888 753 954 rubore
769 885 882 954 dicitur
898 893 929 951 et
940 885 1074 968 auditur,
1089 887 1207 952 recenti
1221 891 1302 952 tem·

141 1013 220 1079 pore
235 991 377 1056 nonnulli
393 1013 499 1057 eornm
515 992 555 1058 ed
571 991 737 1060 ecclesiam
750 991 879 1056 adducti
890 995 974 1071 sunt,
989 991 1071 1054 siout
1082 994 1171 1072 gesta
1181 991 1302 1074 epieco·
1394 1055 1397 1070 ,

139 1092 227 1181 palia
239 1094 357 1160 ibidem
372 1097 515 1160 confecta
529 1100 694 1160 testentur.
718 1095 792 1160 Tria
807 1115 878 1178 ergo
894 1113 1010 1176 genera
1023 1113 1131 1158 eorum
1145 1099 1229 1174 sunt,
1243 1093 1302 1157 Ca-

138 1197 303 1280 tharietae,
317 1197 528 1280 ⁵·hlettarii,et
542 1197 726 1263 Manichaei.
752 1197 879 1262 ¹Omnes
898 1203 1005 1262 temen
1024 1195 1081 1260 hae
1103 1200 1167 1260 tres
1187 1195 1302 1262 formae

139 1300 183 1364 ab
204 1321 266 1365 uno
288 1303 452 1383 magistro,
474 1303 543 1386 ipso
565 1301 718 1366 scelerato
734 1301 841 1382 Mane,
861 1304 985 1365 constat
1007 1319 1075 1363 asse
1099 1299 1302 1383 conscriptae

140 1403 260 1468 Omnes
276 1403 409 1488 denique
423 1403 641 1469 Manichaeum
656 1403 778 1486 legunt,
800 1409 831 1466 ot
852 1423 960 1468 omnes
982 1401 1054 1466 libri
1077 1403 1143 1465 eins
1164 1406 1237 1465 sunt
1258 1403 1303 1466 eis

139 1507 212 1570 sine
227 1505 421 1570 dubitatione
437 1527 627 1572 communes.
650 1505 815 1590 inquibus
831 1505 919 1570 libris
934 1507 1051 1588 agitur,
1066 1509 1101 1568 ut
1115 1523 1172 1588 per
1187 1515 1301 1570 conou-

139 1610 330 1695 piscentiem
344 1609 535 1673 dissolvatur
546 1611 707 1692 utriusque
720 1629 814 1673 sexus
825 1611 972 1694 princeps
983 1607 1194 1690 tenebrarum,
1210 1613 1242 1671 et
1253 1607 1301 1672 lu-

139 1713 207 1795 giet
220 1711 259 1775 ab
276 1713 320 1776 eis
336 1711 467 1776 liberate
482 1712 589 1776 divina
603 1711 795 1794 substantia,
811 1732 905 1796 quam
920 1713 953 1775 in
969 1711 1104 1776 hominis
1120 1713 1239 1775 semine
1254 1715 1302 1774 te·

139 1815 211 1878 ueri
231 1816 411 1879 existimant
429 1817 639 1898 inquinatam
659 1814 744 1880 unde
765 1817 860 1878 etiam
880 1813 1073 1878 catharistae
1096 1813 1303 1900 appellantur,

140 1918 233 2001 quasi
247 1923 439 2002 purgatores.
463 1918 522 1995 Qui
538 1937 609 1982 oum
625 1938 735 1984 carnes
751 1937 815 1982 non
831 1915 1006 1999 comedant,
1021 1923 1086 1980 tam
1096 1916 1207 2002 polluti
1219 1923 1302 2000 sunt,

139 2025 179 2084 ut
192 2040 263 2084 cum
278 2019 423 2085 omnibus
439 2023 504 2084 suis
520 2023 615 2086 etiem
629 2020 800 2086 humanum
820 2041 929 2084 semen
950 2020 1131 2103 adsument,
1152 2041 1224 2086 oum
1243 2041 1303 2086 nec

140 2143 202 2188 ova
214 2124 285 2208 ipsa
298 2125 468 2208 accipient3
490 2125 578 2188 aiunt
599 2126 699 2207 enim,
723 2123 763 2188 Et
777 2123 846 2208 ipsa
862 2123 937 2188 dum
951 2124 1134 2206 franguntur
1148 2125 1301 2210 expirant

140 2225 206 2292 Sed
220 2247 279 2290 nec
294 2225 442 2292 alimonia
455 2226 546 2292 lectis
560 2233 704 2306 utuntur;
727 2245 791 2290 non
806 2228 878 2310 quia
892 2231 1002 2312 putent
1016 2227 1139 2292 divinae
1155 2229 1302 2294 substan-

140 2331 204 2394 tiao
219 2327 299 2392 nihil
313 2329 357 2393 ibi
373 2351 441 2394 esse
457 2331 659 2414 permixtum,
675 2329 731 2396 sed
747 2329 820 2413 quie
834 2331 895 2394 sihi
910 2349 994 2394 error
1008 2329 1076 2416 ipse
1092 2351 1154 2395 non
1170 2337 1301 2396 constat

139 2429 223 2498 Nam
238 2437 270 2495 et
283 2433 392 2496 vinum
406 2453 469 2498 non
484 2433 616 2515 bibunt,
631 2431 772 2496 dieentes
787 2432 830 2496 fel
844 2453 913 2497 esse
928 2434 1079 2518 principis
1093 2435 1302 2518 tenebrarum,

140 2541 174 2599 et
187 2540 294 2599 tamen
309 2555 386 2600 uvae
402 2535 579 2617 comedunt,
596 2556 667 2600 cum
683 2535 721 2600 de
736 2541 838 2600 musto
850 2557 909 2600 neo
922 2535 1054 2619 digitum
1065 2539 1234 2602 intinctum
1245 2538 1301 2604 ad·

93 2701 97 2714 ,
140 2643 278 2704 sumant.
300 2637 432 2702 Animas
449 2638 625 2704 auditorum
641 2659 769 2704 suorum
782 2641 816 2703 in
831 2639 947 2704 eleetos
961 2637 1080 2704 revolvi
1095 2641 1299 2706 arbitranture

141 2747 262 2807 ceteras
277 2745 383 2804 autem
398 2743 535 2824 animas,
551 2761 630 2825 quae
646 2762 754 2807 eorum
768 2762 832 2806 non
847 2747 921 2808 sunt
936 2741 1126 2826 auditorum,
1142 2745 1175 2807 in
1190 2765 1303 2828 peoora

139 2843 242 2910 redire
257 2843 417 2926 adserunt,
432 2847 510 2908 etin
526 2846 630 2909 omnia
645 2865 723 2929 qnae
739 2841 896 2910 radicibus
912 2845 974 2910 lixa
988 2851 1062 2910 suut
1072 2852 1166 2930 etque
1178 2847 1303 2912 aluntur

140 2951 282 3012 interra.
304 2947 425 3012 Herbas
441 2949 536 3029 enim,
551 2953 583 3012 et
597 2949 735 3030 arbores,
750 2947 813 3012 ⁶ita
826 2949 860 3012 iu
876 2950 920 3012 eis
935 2949 1032 3012 vitam
1048 2969 1118 3041 esso
1131 2955 1254 3035 putant,
1268 2956 1304 3016 ut

140 3053 257 3116 sentire
274 3071 311 3114 ea
326 3071 396 3116 oum
412 3049 578 3116 laeduntur
592 3053 773 3133 aestiment,
790 3057 821 3114 et
836 3050 949 3117 dolere.
979 3051 1071 3118 Unde
1087 3058 1119 3116 et
1133 3053 1301 3136 agricultu-

106 3191 114 3208 ·
140 3173 223 3235 ram,
243 3173 322 3237 quae
343 3155 482 3218 omnium
502 3156 616 3218 artium
636 3160 684 3219 est
703 3156 915 3237 innocentior,
934 3160 1085 3238 tanquam
1098 3155 1303 3242 plurimorum

140 3255 380 3322 homicidiorum
396 3277 482 3320 ream
498 3256 658 3322 dementes
679 3263 844 3340 accusant,
865 3263 896 3322 et
915 3261 1081 3343 praecipuo
1103 3279 1174 3324 oum
1194 3281 1301 3343 agrum

140 3359 180 3425 ab
201 3361 301 3444 spinis
321 3359 459 3424 viderint
478 3359 636 3444 repurgari
657 3363 783 3444 suisque
805 3361 1000 3426 auditoribus
1019 3362 1089 3426 ideo
1111 3363 1302 3428 arbitrentur

141 3463 271 3545 ignosci,
287 3463 361 3546 quia
374 3463 527 3546 praebent
540 3462 613 3526 inde
625 3462 775 3528 alimenta
786 3463 894 3529 electis
907 3467 982 3548 suis,
997 3471 1033 3528 ut
1044 3464 1150 3530 diviua
1161 3465 1216 3530 illa
1226 3465 1300 3530 sub·

141 3567 259 3630 stantia
273 3567 306 3628 in
322 3585 428 3629 eorum
441 3571 552 3629 uentre
566 3571 697 3650 purgate
711 3568 858 3652 impetret
872 3569 918 3630 eis
933 3569 1075 3650 veniam,
1091 3583 1223 3652 quorum
1236 3575 1301 3633 tre·

141 3667 226 3732 ditur
240 3667 397 3732 oblatione
412 3667 582 3752 purganda.
618 3667 728 3752 Itaque
743 3671 804 3754 ipsi
824 3668 917 3734 electi
930 3669 1009 3734 nihil
1022 3673 1057 3734 in
1072 3673 1154 3754 agris
1170 3691 1301 3756 operan-

142 3775 208 3851 tes,
228 3789 289 3834 neo
307 3791 401 3855 poma
421 3775 585 3854 carpentes
605 3791 663 3835 neo
683 3771 759 3836 lolia
778 3771 842 3836 ulla
855 3771 1023 3855 vellentes,
1044 3779 1211 3858 expectant
1224 3775 1301 3840 haec

141 3872 244 3938 afferri
258 3873 367 3938 usibus
383 3875 448 3938 suie
463 3873 503 3936 ab
518 3873 711 3939 auditoribus
726 3875 803 3956 suis,
817 3877 960 3940 viventes
975 3879 1021 3940 tot
1036 3881 1067 3939 et
1077 3877 1173 3940 tantis
1189 3897 1301 3942 secun·

142 3974 217 4042 dnm
232 3995 321 4042 suam
335 3978 506 4040 vanitatem
522 3976 697 4042 homicidiis
714 3975 835 4042 alienis.
857 3977 986 4044 Manent
997 3981 1091 4044 etiam
1103 3979 1230 4046 eosdem
1245 4001 1301 4046 au·

190 4229 215 4283 5.
226 4229 415 4285 metieritis&
427 4231 568 4299 Anpstom.
578 4232 786 4301 CsiAopusticus.
804 4233 910 4284 Macarli
920 4232 1040 4287 odsirm.
1058 4232 1229 4289 Machariied.
1239 4237 1301 4288 Gal-

142 4299 211 4352 lond.
264 4299 288 4350 6.
299 4298 449 4352 Stracteros
461 4301 642 4368 resplepeuticm
655 4311 680 4352 et
690 4303 845 4352 deruoustrat
855 4311 880 4352 et
891 4303 1005 4352 illustrat
1017 4303 1185 4370 Auyostiuae:
1201 4305 1301 4358 Herbas

142 4368 239 4420 enima
268 4383 301 4419 ue
314 4367 417 4420 arbores
430 4368 467 4420 sio
480 4375 573 4438 putant
583 4369 683 4430 rivere,
698 4375 728 4421 ut
743 4369 835 4434 utam,
853 4385 920 4439 quae
934 4369 986 4421 illis
1002 4370 1081 4436 inest,
1098 4376 1125 4422 et
1140 4373 1235 4424 sentire
1248 4389 1302 4426 ore·

142 4435 204 4489 dant
215 4441 242 4490 et
271 4436 339 4488 olere
350 4451 409 4490 oum
419 4435 564 4503 laeduntur,
581 4454 628 4492 neo
646 4437 744 4507 aliquid
760 4437 820 4490 inde
836 4438 893 4491 sine
910 4438 1026 4492 cruciatu
1042 4455 1133 4493 eorum
1144 4457 1301 4512 quemquam

142 4520 218 4574 posse
234 4504 330 4557 vellere
347 4509 393 4557 aut
404 4519 515 4575 carpere.
702 4530 706 4536 ·
932 4507 938 4520 ‘
1117 4547 1119 4552 .
