3120 4994
458 297 497 340 nn
511 285 738 342 accunnas'urcrs
752 297 943 340 noouarraus.
1223 301 1285 380 339

115 473 285 539 corporeus
301 455 449 536 creditur,
466 457 538 540 quia
552 457 668 540 ubique
684 461 733 522 ost
747 463 779 520 et
789 455 1013 540 omniaimplet
1024 461 1118 539 atqua
1129 459 1285 522 constriu-

115 559 180 638 git:
196 556 247 620 ³at
261 557 331 622 ideo
346 558 515 622 invisibilis
530 559 676 624 omnibus
693 560 853 640 creaturis,
865 561 944 642 quia
957 558 1158 643 incorporeus
1173 566 1231 624 est.

185 659 334 724 Creatura
352 664 454 726 omnis
475 681 624 746 corporea
643 667 705 742 est,
724 661 828 745 angeli
847 665 880 724 et
893 681 1002 726 omnes
1018 661 1170 726 caelestes
1186 665 1284 726 uirtu—
1297 679 1355 732 car.
1368 681 1414 722 xri.

115 765 169 824 tes
185 763 379 847 ¹corporeae,
393 764 466 828 licet
481 783 544 828 non
559 785 651 830 carne
667 763 850 828 subsistant
887 763 934 828 Er
948 783 984 828 eo
1000 769 1105 832 autem
1121 785 1285 850 corporeas

115 884 190 926 csse
206 865 362 931 credimus
377 866 608 932 intellectuales
624 872 800 948 creaturas,
822 867 905 949 quod
923 866 1065 932 localiter
1087 869 1284 932 circumscri-
1358 929 1362 936 ,

118 965 249 1048 buntur,
264 970 345 1031 sicut
360 975 392 1031 et
406 971 511 1032 anima
525 967 694 1050 ²humana,
711 990 789 1052 quac
806 990 900 1034 carne
916 969 1088 1053 clauditur,
1109 976 1142 1036 et
1156 970 1283 1036 daemo-

116 1089 188 1150 nes,
205 1071 256 1154 qui
271 1091 328 1155 per
342 1071 551 1136 substantiam
567 1072 726 1154 angelicae
742 1078 872 1136 naturae
890 1078 972 1138 sunt.

184 1172 380 1238 Immortales
396 1195 464 1238 esse
478 1173 633 1238 credimus
644 1173 874 1240 intellectuales
886 1184 1026 1258 naturas,
1041 1176 1115 1259 quia
1126 1196 1219 1240 carno
1232 1197 1284 1241 ca·
1302 1201 1353 1253 cap.
1368 1203 1424 1243 aar.

116 1280 191 1337 rent
205 1295 263 1338 nec
277 1275 395 1340 habent
409 1297 469 1360 quo
484 1275 613 1358 cadant,
629 1283 664 1340 ut
678 1277 904 1356 resurrectione
920 1283 1032 1360 egeant
1048 1279 1137 1362 1post
1150 1281 1284 1342 ruinam.

184 1377 315 1442 Animas
330 1379 491 1444 hominurn
507 1399 569 1444 non
585 1400 654 1442 csse
669 1379 709 1444 ab
725 1379 813 1444 initio
828 1381 911 1444 inter
924 1385 1044 1447 ceteras
1056 1380 1284 1448 intellectuales
1302 1405 1352 1459 cop.
1366 1409 1421 1448 xrv.

113 1485 258 1561 naturas,
274 1502 332 1546 nec
347 1481 442 1546 sirnul
457 1487 588 1562 creatas,
602 1482 686 1546 sicut
701 1481 851 1564 Origenes
863 1483 963 1565 fingit,
978 1502 1080 1566 nequa
1092 1505 1164 1550 curn
1176 1505 1284 1570 corpo-

118 1583 210 1646 ribus
224 1605 280 1667 per
300 1584 415 1648 coitum
436 1585 638 1664 ¹seminatas,
659 1587 742 1648 sicut
755 1584 962 1666 luciferiani,
985 1585 1118 1668 Cyrillus
1138 1593 1170 1650 et
1189 1587 1285 1671 aliqui

115 1685 300 1750 Latinorum
316 1693 565 1772 praesumptores
581 1687 750 1768 affirmant,
765 1687 855 1772 quasi
870 1693 998 1752 naturae
1010 1685 1284 1772 ²cousequontiam

115 1795 290 1852 servantes.
314 1789 376 1854 Sed
391 1789 525 1854 dicimus
541 1791 731 1854 creationem
746 1793 869 1854 animae
885 1789 986 1854 solum
1001 1797 1172 1855 creatorem
1183 1795 1284 1856 omni·

116 1911 173 1954 um
192 1911 300 1973 nosse,
322 1899 354 1956 ot
373 1913 484 1977 corpus
507 1898 629 1956 tantum
650 1913 706 1977 per
727 1895 863 1974 coniugii
884 1892 1028 1976 copulam
1047 1897 1212 1976 seminari,
1234 1895 1285 1958 dei

116 2013 192 2056 vero
208 1993 322 2058 iudicio
338 1995 492 2077 coagulari
508 1997 542 2058 in
558 1995 650 2060 vulva
665 2001 697 2058 et
712 1995 869 2079 compingi
887 2001 980 2078 atque
1001 1996 1142 2078 fonnari,
1164 2016 1201 2060 ac
1221 1999 1283 2062 l'or-

113 2102 203 2160 mato
219 2099 282 2160 iam
297 2118 424 2182 corpore
440 2099 578 2161 animam
594 2100 692 2162 creari
708 2105 739 2160 et
753 2095 890 2178 infundi,
904 2105 940 2161 ut
950 2100 1036 2162 vivat
1046 2101 1080 2162 in
1092 2105 1178 2164 utero
1191 2099 1282 2166 homo

115 2220 157 2262 ex
172 2199 278 2262 anima
294 2207 440 2266 constans
456 2205 488 2262 et
503 2220 647 2284 corpore,
668 2207 699 2263 et
714 2199 891 2282 egrediatur
911 2201 1000 2266 vivus
1016 2222 1054 2264 ex
1069 2207 1156 2268 utero
1172 2201 1283 2286 plenus

113 2299 256 2365 hnmana
270 2303 455 2368 substantia.

182 2403 290 2487 Neque
307 2405 384 2470 duas
400 2407 520 2470 animas
536 2423 605 2470 esse
622 2405 757 2470 dicimus
773 2407 804 2470 iu
820 2425 881 2470 uno
897 2404 1040 2488 homine,
1055 2409 1138 2471 sicut
1152 2407 1283 2472 lacobus
1301 2435 1352 2487 cap.
1366 2437 1409 2478 xv.

114 2512 149 2569 et
165 2505 219 2570 alii
235 2505 400 2590 ¹Syrorum
416 2507 575 2590 scribunt,
595 2529 691 2574 unam
711 2507 894 2590 animalem,
915 2529 977 2591 qua
995 2511 1151 2574 animetur
1171 2532 1282 2595 corpus

113 2615 149 2671 et
165 2611 308 2674 immixta
322 2613 363 2674 sit
378 2613 539 2694 sanguini,
555 2617 587 2675 et
601 2613 731 2676 alteram
746 2610 937 2694 spiritalem,
958 2631 1037 2696 quae
1052 2615 1207 2678 rationem
1221 2615 1281 2676 mi-

114 2714 246 2776 nistret:
269 2712 326 2776 sed
348 2713 480 2778 dicimus
503 2735 597 2778 unam
621 2735 689 2780 esse
713 2713 905 2798 eandemque
929 2716 1066 2778 animam
1089 2717 1122 2780 in
1144 2715 1282 2797 homine,
1326 2729 1328 2732 ’

114 2835 200 2897 quae
216 2821 248 2878 et
263 2837 374 2900 corpus
390 2837 447 2880 sua
466 2819 615 2880 socictate
635 2817 788 2898 vivificet,
810 2821 842 2878 et
863 2818 1066 2901 semetipsam
1086 2838 1143 2882 sua
1161 2817 1281 2882 ratione

114 2917 274 3002 disponat,
290 2917 409 2984 habens
426 2922 457 2984 in
473 2940 505 2984 se
521 2919 698 2984 libertatem
713 2918 851 3000 arbitrii,
871 2925 907 2981 ut
925 2915 975 2982 2in
995 2939 1070 2984 suae
1086 2921 1281 2986 substantiae

113 3021 213 3102 eligat
227 3023 415 3103 cogitatione
431 3023 513 3105 quod
527 3023 603 3086 uult

182 3123 290 3188 Solum
304 3123 463 3188 hominem
481 3125 636 3189 credimus
651 3123 766 3188 habere
782 3125 920 3189 animam
936 3125 1182 3208 substantivam,
1203 3148 1280 3211 quae
1299 3155 1349 3206 cap.
1364 3157 1417 3198 avr.

114 3233 213 3289 exuta
228 3247 356 3311 corpore
371 3229 464 3309 vivit,
485 3233 517 3290 et
536 3249 648 3292 sensus
669 3250 741 3292 suos
762 3233 855 3311 atque
876 3229 1003 3310 ingenia
1017 3230 1169 3293 vivaciter
1183 3237 1280 3294 tenet.

115 3329 243 3414 ¹Ncque
259 3349 331 3394 curn
343 3350 470 3413 corpore
482 3333 623 3414 moritur,
638 3333 720 3396 sicut
734 3329 1002 3411 maestosuocuo,
1018 3351 1118 3414 neque
1129 3338 1201 3416 post
1212 3353 1279 3397 mo-

114 3431 224 3496 dicum
238 3431 447 3516 intervallum,
463 3435 546 3497 sicut
560 3434 666 3498 Zenon
682 3433 769 3515 dicit,
784 3435 857 3516 quia
871 3432 1121 3497 substantialiter
1135 3432 1239 3499 ³vivit.

181 3534 376 3600 Animalinm
390 3556 463 3600 uero
479 3537 602 3600 animae
614 3550 677 3600 non
690 3541 764 3608 sunt
778 3535 1020 3616 ¹substantivae,
1036 3535 1092 3599 sed
1104 3557 1175 3600 cum
1188 3557 1281 3600 carne
1299 3555 1349 3606 cap.
1362 3557 1428 3596 avar.

115 3641 187 3724 ipsa
202 3638 305 3702 carnis
320 3635 505 3702 ²vivacitate
521 3644 703 3720 nascuntur,
719 3643 751 3701 et
766 3658 837 3702 cum
852 3641 955 3702 carnis
969 3645 1068 3702 morte
1084 3639 1234 3703 finiuntur
1249 3647 1281 3702 et

184 3755 209 3808 3.
222 3754 281 3808 ldeo
294 3761 319 3807 et
330 3757 369 3807 ed.
381 3755 496 3810 arment.

185 3823 249 3893 Cap.
261 3823 319 3877 ΧΗ.
331 3853 365 3863 ·-
380 3824 401 3876 l.
413 3823 486 3876 MSS.
499 3825 595 3908 aliquot
606 3841 720 3896 corpore.
734 3822 854 3894 (Benaci.)
895 3823 918 3878 2.
931 3823 1045 3878 humana
1056 3843 1101 3877 ora.
1115 3827 1153 3879 ed.
1163 3823 1279 3880 Elaaeal.

184 3891 248 4011 (kap.
259 3891 330 4011 Xhlll.
348 3923 380 3932 -—
401 3893 422 3944 1.
440 3894 485 3945 Itu
502 3896 561 3948 edet.
577 3894 684 3958 Bened„
702 3903 727 3946 et
741 3897 795 3948 cod.
810 3893 923 3947 Floreat.
939 3900 999 3964 post
1014 3893 1117 3948 ruinam
1132 3895 1281 3950 necessaria

113 3963 176 4015 edit.
217 3963 306 4015 larcia.

184 4029 247 4098 Cap.
259 4028 329 4084 XIV.
343 4061 375 4070 -
389 4030 411 4084 1.
432 4029 511 4098 Vulgo
523 4032 691 4097 seminantur,
705 4041 763 4084 uate
775 4030 890 4083 Elaealr.
903 4039 928 4082 et
939 4029 1068 4084 Benedici.
1116 4031 1139 4084 2.
1152 4031 1225 4084 MSS.
1237 4049 1280 4084 sec

111 4097 304 4166 consequentia
316 4099 469 4152 servientes:
483 4101 533 4152 olii
544 4112 594 4152 tres
605 4101 791 4169 consequentia
802 4097 1107 4220 servientagBenedictl

184 4165 248 4236 Cap.
260 4165 318 4219 XV.
330 4197 364 4205 —
378 4168 399 4219 l.
412 4167 539 4236 Syrorum
551 4169 723 4238 disputatores
736 4169 852 4222 scribunt
863 4171 923 4220 edit.
962 4168 1058 4231 laneat,
1072 4187 1102 4220 ea
1110 4179 1208 4222 auctor.
1222 4171 1277 4224 cod.

113 4237 230 4288 Floreat.
282 4233 306 4288 2.
319 4233 392 4290 MSS.
405 4255 489 4290 omnes
499 4238 527 4290 iu
540 4253 588 4289 sua
599 4236 753 4291 substantia.
772 4235 891 4303 (Beued.)

183 4303 247 4373 Cap.
261 4303 330 4358 XVl.
344 4335 376 4344 -
391 4305 413 4356 l.
425 4304 484 4360 Non
496 4309 555 4359 edit.
568 4305 683 4358 Etmeat.
719 4303 744 4358 2.
756 4303 829 4359 MSS.
840 4304 1021 4358 amaresrirabs.
1034 4303 1150 4374 {Banedl
1163 4305 1277 4358 Elaeae.

112 4391 145 4424 ea:
158 4375 214 4428 cod.
226 4372 341 4430 Floreat.
352 4375 433 4426 edidit
443 4375 537 4427 Aratum
550 4379 595 4426 aut
606 4371 732 4441 Epicurea
743 4373 844 4424 vanitas
856 4373 957 4426 asserit.
1014 4371 1038 4426 3.
1052 4373 1166 4426 Elaeala.
1179 4391 1209 4426 aa
1221 4377 1277 4428 cod.

113 4443 231 4498 Ftirerat,
245 4447 398 4493 auctoritate
411 4444 491 4493 edidit
501 4443 572 4505 uiuit,
584 4446 609 4492 et
620 4441 749 4494 rationem
760 4457 835 4494 suani
847 4447 925 4496 tenet

183 4511 246 4580 Gap.
258 4508 341 4562 XVII.
355 4539 388 4548 -
403 4510 424 4560 1.
436 4509 508 4560 arsa.
521 4511 617 4576 altprect
627 4509 798 4572 substantiae,
810 4512 859 4562 alii
870 4511 1028 4565 substantes.
1042 4509 1163 4581 (Beued.)
1215 4511 1239 4564 2.
1252 4511 1278 4564 iu

112 4580 250 4632 nativitate
262 4579 322 4630 edit.
333 4575 463 4638 semeria,
482 4596 511 4628 ea
527 4580 581 4630 cod.
596 4578 707 4632 Floreat.

1029 4664 1078 4718 22·
