3112 4986
623 293 790 336 rumano.
1226 293 1287 360 231

117 453 332 518 inflammatus
348 453 490 518 clanculo
503 471 575 516 eum
586 471 641 538 per
653 451 793 518 diversas
806 449 914 517 domos
931 448 1061 516 tradidit
1071 447 1288 532 lectitandum,

117 557 237 640 quique
254 561 370 640 quanto
385 555 446 639 legi
460 554 586 640 publice
600 555 780 637 vetabatur,
799 559 886 618 tanto
902 553 942 620 ab
958 557 1003 618 eis
1018 551 1222 618 adserebatur
1235 553 1287 618 in·

117 659 292 744 superabili
307 660 463 743 aequitate
480 659 684 740 conscriptus.
708 658 822 740 Sicque
834 657 988 742 perfidum
999 656 1098 720 iniere
1111 654 1288 736 consilium,

117 762 205 824 utin
220 759 347 826 modum
362 760 512 845 symboli,
532 781 595 826 non
616 759 832 824 discutiendus
847 759 1022 826 traderetur
1037 757 1211 842 aliquibus,
1231 755 1288 824 sed

117 861 306 926 credendus.
329 865 377 928 Ita
393 869 501 928 contra
515 864 597 928 lrunc
613 863 819 947 suscepimus,
834 869 869 926 ut
883 861 1049 928 adversum
1064 860 1187 944 singula
1201 857 1287 926 blas·

117 967 318 1051 phemiorum
333 969 404 1032 eins
417 967 512 1048 dicte,
526 973 592 1030 tarn
607 965 786 1031 rationabili
799 967 947 1046 veritate,
963 984 1057 1048 quam
1071 962 1163 1046 legali
1177 967 1286 1028 aucto-

117 1071 215 1132 ritate
236 1089 420 1154 pugnamus.
459 1070 558 1146 Quem
577 1069 692 1134 librum
714 1089 778 1134 non
799 1066 1028 1153 discerpentes,
1052 1065 1109 1131 sed
1129 1068 1287 1150 integrum

118 1191 194 1235 eum
209 1169 249 1234 ab
261 1171 350 1236 initio
363 1193 461 1256 usqne
474 1171 513 1236 ad
527 1175 622 1236 linem
633 1171 874 1256 perscribentes
890 1172 1110 1252 nonagesimae
1122 1167 1287 1233 haereseos

118 1275 311 1360 proiecimus
327 1273 423 1338 silvae
444 1274 586 1339 arborem
607 1293 678 1337 eum
693 1273 919 1358 nequissimam
935 1272 1128 1356 detegentes
1143 1270 1288 1336 adonius

119 1376 262 1440 radicem
278 1379 396 1442 securis
413 1385 460 1440 est
471 1379 583 1462 posita,
599 1377 638 1440 ad
654 1377 723 1456 hoc,
738 1383 773 1440 nt
788 1375 951 1440 excidatur
965 1378 1044 1440 etin
1059 1375 1165 1457 ignem
1178 1373 1286 1438 mitta·

119 1487 181 1542 tur.
205 1478 401 1563 Ubicumque
416 1487 521 1544 autem
537 1479 676 1544 eiusdem
691 1478 764 1544 libri
779 1486 853 1543 sunt
867 1479 962 1560 diota,
977 1478 1068 1542 lineis
1084 1482 1200 1560 atergo
1215 1497 1286 1542 ver·

119 1601 214 1646 surum
230 1583 405 1654 iacentibus
421 1581 615 1664 deteguntur.
654 1582 738 1660 Quae
760 1581 833 1646 licet
852 1602 907 1667 pro
928 1581 998 1668 ipsa
1016 1582 1066 1644 sui
1081 1581 1286 1664 perversitate

120 1685 203 1748 ultro
219 1705 253 1748 se
269 1684 444 1767 legentibus
460 1685 608 1769 prodant,
626 1691 733 1749 tamen
754 1687 873 1766 egimus
894 1691 930 1747 ut
949 1686 1064 1748 veritus
1085 1704 1105 1745 a
1123 1680 1286 1748 mendacio

119 1809 183 1852 non
203 1787 306 1852 solum
326 1787 430 1851 verbis
451 1787 707 1868 rationabilibuS,
728 1787 784 1851 sad
805 1788 900 1850 etiam
919 1785 1029 1870 elogiis
1050 1785 1286 1870 increpantibus

121 1889 328 1955 discernatur.
366 1889 447 1956 Saue
464 1892 651 1955 Graecorum
666 1911 724 1954 nos
739 1889 817 1972 legis
832 1889 1056 1954 catholicorum
1077 1891 1196 1974 scripta
1211 1909 1286 1954 con·

120 1999 169 2057 tra
184 1993 413 2057 baereticorum
429 1999 530 2058 motas
547 1992 730 2056 dimicantia
744 1993 861 2058 idcirco
882 2013 1108 2074 memoramus,
1128 1999 1159 2056 et
1178 2013 1286 2058 omues

121 2095 268 2160 haereses
292 2093 474 2178 singillatim
496 2113 552 2180 per
574 2096 717 2160 ordinem
738 2095 813 2160 licet
833 2097 969 2160 strictim
990 2095 1231 2181 perscribimus,
1252 2102 1288 2160 ut

121 2201 224 2264 sciant
238 2219 337 2262 novae
354 2199 444 2262 huius
461 2199 598 2262 haeresis
614 2201 807 2281 inventores,
828 2201 967 2264 omnium
986 2219 1044 2264 nos
1059 2199 1288 2264 haereticorum

122 2301 358 2366 delinitionibus
379 2302 553 2383 advorsari,
573 2307 604 2366 ct
622 2301 738 2366 nullius
760 2323 866 2366 eorum
886 2307 995 2366 contra
1010 2323 1043 2366 se
1059 2304 1105 2366 uti
1121 2322 1285 2368 consensu.

121 2405 232 2470 Cesset
253 2407 353 2468 omnis
374 2403 605 2486 tergiversatio,
633 2411 665 2468 et
685 2403 839 2469 calliditas
861 2405 1084 2470 oblatrantium
1105 2407 1140 2469 in
1158 2405 1287 2472 modum

121 2509 209 2572 canis
224 2509 361 2570 vomitus
378 2528 449 2571 suos
465 2510 534 2592 ipsa
548 2510 662 2572 iterum
678 2508 811 2572 sorbeat.
850 2507 966 2572 Omnes
982 2530 1000 2571 a
1015 2507 1144 2574 Simone
1160 2515 1286 2593 coeptas

119 2609 268 2674 haereses
285 2608 468 2692 detegimus,
484 2613 653 2692 arguimus,
669 2609 923 2692 condemnamus,
936 2617 966 2674 et
981 2617 1046 2676 tam
1061 2611 1180 2675 ratione
1192 2631 1286 2694 qnam

120 2715 307 2778 auctoritate
324 2717 485 2798 superatas
503 2713 706 2776 ostendimus.
740 2713 776 2776 ln
793 2712 968 2778 detectione
984 2716 1079 2796 igitur
1093 2713 1238 2776 falsitatis
1254 2719 1287 2776 et

122 2819 153 2880 iu
169 2816 353 2880 defensione
374 2817 517 2879 veritatis
538 2816 763 2880 catholicorum
784 2837 892 2881 sumus
913 2818 1012 2880 secuti
1032 2813 1180 2898 vestigia,
1201 2821 1233 2880 et
1252 2815 1285 2880 id

120 2921 291 3003 gessimuS,
306 2921 387 2982 utin
402 2921 502 3004 primo
518 2918 596 2984 libro
611 2924 750 2983 veterata
764 2918 928 2984 haereseos
944 2920 1123 3005 superstitio
1138 2925 1285 3004 perpate-

120 3029 198 3103 scat,
213 3023 247 3086 in
263 3022 400 3086 secundo
413 3043 487 3086 voro
502 3043 600 3086 novae
617 3021 849 3086 adinventionis
863 3043 986 3086 venena
996 3041 1060 3086 non
1071 3020 1206 3103 lateant,
1220 3029 1284 3086 ter·

119 3127 182 3188 tius
205 3143 278 3188 vero
302 3123 382 3188 liber
404 3124 567 3188 haereseos
595 3125 733 3190 devictae
760 3125 915 3188 tumulum
940 3124 1075 3209 fideique
1101 3123 1287 3212 trophaeum

121 3228 243 3292 cunctis
260 3226 401 3290 ecclesiis
416 3225 528 3289 tradat.
552 3225 695 3292 Clemens
710 3231 815 3312 itaque
830 3229 989 3293 Romanus
1005 3230 1185 3314 episcopus,
1201 3229 1286 3294 Petri

123 3327 312 3414 discipulus,
336 3329 451 3392 Christi
467 3329 668 3411 dignissimus
684 3336 816 3413 martyr,
837 3331 973 3396 Simonis
988 3331 1144 3394 haeresim
1160 3351 1178 3394 a
1193 3331 1284 3396 Petro

122 3431 261 3519 apostolo
283 3435 441 3518 cumipse
463 3431 589 3497 Simone
611 3441 789 3519 superatam
811 3434 943 3498 edocuit.
980 3433 1071 3498 Hunc
1093 3435 1193 3498 secuti
1213 3439 1287 3498 sunt

122 3537 223 3600 saneti
239 3538 354 3618 quique
370 3535 532 3600 orthodoxi
547 3537 616 3616 viri,
632 3543 664 3600 et
678 3557 733 3601 suo
746 3539 877 3620 quisque
888 3543 1028 3620 tempore
1041 3537 1284 3622 uniuscuiusque

121 3636 260 3702 haeresis
275 3643 377 3702 ortum
394 3645 425 3701 et
441 3643 598 3704 certamen
614 3645 646 3702 et
660 3643 780 3704 exitum
796 3661 852 3724 por
867 3639 1019 3724 plurimos
1035 3637 1132 3704 libros
1145 3645 1176 3703 et
1186 3639 1285 3704 multa

120 3740 221 3806 millia
234 3761 382 3806 versuum
399 3743 665 3826 conscripserunt,
686 3763 763 3826 qnae
784 3763 841 3806 nos
862 3743 1070 3827 epitomautes
1084 3744 1210 3806 iuvante
1228 3741 1283 3806 do-

122 3846 206 3910 mino
221 3843 281 3908 hoc
297 3864 359 3909 nno
376 3843 480 3908 libello
497 3843 716 3910 conclusimus.
756 3843 897 3910 Orabnnt
911 3865 966 3930 pro
986 3843 1078 3909 uobis
1093 3851 1202 3910 sancta
1217 3853 1283 3910 stu-

122 3945 182 4027 dia,
197 3967 276 4030 quae
293 3945 333 4010 ad
348 3950 488 4031 requiem
503 3967 646 4012 curarum
662 3967 790 4012 suarum
809 3968 866 4034 por
886 3945 969 4012 hunc
989 3953 1131 4012 nostrum
1145 3947 1284 4012 laborem

121 4051 287 4132 attingunt.
