3112 4986
261 281 323 346 218
764 277 918 323 *m

261 435 392 502 suadere
407 435 600 520 disiungens,
614 441 646 500 et
659 438 743 504 virus
757 457 778 502 c
790 435 968 504 nolentibus
984 435 1122 520 feminis,
1135 441 1168 502 et
1180 435 1313 504 feminus
1327 457 1349 502 a
1360 455 1421 502 ao-

202 560 205 570 ·
262 537 398 604 lentibus
418 541 503 603 viris.
541 538 708 624 Opiticium
728 541 842 624 quippe
863 541 964 604 omnis
990 541 1093 604 carnis
1118 559 1182 606 nou
1207 539 1266 604 deo
1286 537 1369 605 hono
1386 543 1423 604 et

260 661 350 723 vero,
371 641 427 706 sed
445 641 591 725 malignis
613 639 732 724 angelis
751 641 907 720 tribuuut;
926 641 985 708 hoc
1006 644 1196 708 versutiores
1210 643 1305 707 etiam
1318 640 1420 707 Mani·-

261 743 375 826 chaeis‚
391 744 473 828 qnod
488 743 567 808 nihil
581 746 803 830 seripturarum
819 748 1038 810 canonicarum
1049 745 1225 831 repudiant
1238 742 1334 810 simul
1347 763 1422 810 cunr
1550 779 1551 798 κ

259 847 443 934 apocryphis
458 845 598 929 legentes
613 849 718 912 omnia
732 853 764 912 et
777 851 812 912 in
822 851 1039 914 auctoritatem
1050 855 1220 930 sumentes,
1235 845 1292 914 sed
1301 849 1336 914 iu
1346 865 1422 914 sucu

260 969 372 1014 sensns
386 949 613 1030 allegorizando
628 956 796 1032 vertentes,
819 951 968 1036 quioquid
982 953 1017 1016 iu
1031 953 1148 1017 sanctis
1167 951 1257 1018 libris
1273 956 1322 1016 est
1336 947 1422 1035 quod

260 1073 367 1119 eorum
392 1057 511 1116 evertat
536 1073 682 1120 errorem.
716 1053 763 1119 De
783 1053 905 1118 Christo
926 1053 1137 1120 sabellianam
1161 1059 1281 1120 sectam
1299 1058 1421 1134 teuent,

259 1155 395 1222 eundem
410 1157 514 1242 ipsum
528 1175 597 1220 esee
613 1155 770 1239 dicentes,
791 1177 854 1222 non
869 1155 970 1222 solum
985 1156 1099 1240 lilium,
1118 1155 1285 1222 sedetiam
1298 1161 1422 1243 patrem
1551 1161 1552 1192 ¹

260 1265 291 1324 ct
305 1261 451 1344 spiritum
465 1264 618 1324 sanctum.

99 1375 149 1427 cn
168 1373 243 1416 ιω·
322 1361 408 1427 Dicit
425 1359 582 1426 Philester
600 1381 670 1427 osse
690 1360 766 1428 alios
788 1362 961 1428 haereticos
983 1365 1129 1447 quicum
1150 1361 1331 1428 hominihus
1355 1380 1421 1428 nun

260 1470 390 1530 sumunt
404 1483 510 1540 escas3
533 1463 590 1530 sed
608 1471 713 1530 utrum
732 1485 804 1530 cum
825 1465 895 1530 aliis
916 1467 969 1550 qui
984 1464 1125 1532 eiusdem
1140 1472 1243 1530 seclae
1257 1485 1320 1531 non
1335 1469 1421 1544 suut,
1552 1467 1553 1512 ³

260 1587 301 1632 au
315 1569 411 1631 etism
425 1568 508 1632 inter
522 1568 643 1653 seipsos
657 1567 690 1632 id
704 1567 831 1650 faciant,
845 1585 908 1634 non
923 1569 1079 1652 exprimit.
1104 1566 1189 1634 Dicit
1203 1569 1298 1632 etiam
1312 1586 1365 1632 eos
1381 1565 1420 1632 de

260 1675 348 1756 patre
363 1675 395 1734 et
410 1667 472 1733 lilio
487 1675 590 1750 recte,
612 1669 651 1738 de
666 1671 777 1755 spiritu
799 1677 903 1736 autem
917 1675 1025 1736 sancto
1046 1689 1109 1736 nen
1130 1669 1280 1736 catholice
1301 1688 1421 1755 sapere,

261 1772 344 1858 qued
358 1793 430 1837 eum
444 1773 613 1856 opinentur
627 1792 696 1838 esse
712 1779 895 1840 creaturam.
1135 1847 1139 1862 Ι

93 1887 144 1942 cn
157 1888 242 1930 um
323 1873 514 1941 Aldhotorio
534 1873 666 1959 quodam
689 1881 829 1942 exortam
846 1875 1002 1942 haeresim
1021 1876 1099 1945 dicit
1120 1877 1252 1944 nimium
1265 1873 1422 1942 mirabilis

259 1979 419 2061 vanitatis,
434 1997 512 2061 quce
529 1997 637 2044 omnes
651 1977 824 2046 haereticos
839 1985 923 2044 recte
937 1978 1096 2046 ambulare
1115 1985 1148 2046 et
1165 1999 1240 2044 vera
1254 1978 1358 2044 dicere
1373 1978 1421 2044 al·

260 2081 378 2158 firmet3
394 2079 477 2166 quod
492 2082 537 2144 ita
551 2087 600 2146 est
614 2080 794 2164 absurdum,
808 2081 935 2150 etmihi
949 2081 1134 2148 incredibile
1147 2081 1300 2148 videatur.

83 2198 134 2250 cnr·
147 2183 243 2238 belm
323 2183 396 2250 Alia
415 2189 465 2248 est
482 2181 622 2250 haeresis
641 2203 720 2268 quae
747 2181 824 2252 dicit
846 2186 879 2250 in
902 2184 1024 2252 Christo
1050 2183 1249 2254 divinitatem
1273 2181 1423 2264 doluisse,

260 2288 658 2371 cumfigereturoarceius
673 2288 821 2354 incrnce.
1554 2373 1555 2378 ἵ

86 2403 140 2456 cn·
150 2403 244 2446 ΜΣΝ.
322 2388 379 2456 Est
394 2388 455 2454 alia
469 2409 548 2474 quae
562 2389 725 2458 trilormcn
739 2393 785 2456 sic
799 2393 912 2456 asserit
926 2389 1030 2474 deum,
1049 2395 1085 2456 ut
1099 2388 1252 2475 quaedem
1265 2408 1340 2475 pers
1354 2389 1423 2454 sius

261 2494 303 2560 sit
316 2498 416 2580 pater,
435 2492 588 2579 quaedam
606 2492 700 2576 filius,
721 2491 874 2577 quaedam
889 2495 1017 2578 spiritus
1034 2498 1178 2574 mustus,
1196 2492 1256 2562 hcc
1271 2497 1321 2556 est
1338 2489 1423 2576 quod

262 2595 313 2664 dei
332 2598 425 2661 unius
445 2603 551 2682 partes
572 2599 652 2679 siut,
674 2615 753 2680 quae
774 2596 869 2662 istam
882 2596 1002 2664 iaciunt
1015 2597 1203 2676 trinitatem,
1217 2594 1305 2664 velut
1318 2615 1358 2660 ex
1370 2592 1422 2659 his

261 2699 363 2770 tribvs
382 2699 523 2785 partibus
544 2698 736 2786 compleatur
755 2698 849 2781 deus,
872 2719 932 2766 neo
952 2701 995 2764 sit
1014 2699 1172 2784 perlectus
1189 2699 1224 2766 in
1239 2717 1273 2764 se
1287 2701 1357 2784 ipso
1372 2695 1423 2782 vel

262 2808 351 2890 pater
364 2801 415 2868 vcl
430 2801 512 2868 lilius
526 2801 578 2868 vel
593 2804 721 2888 spiritus
737 2807 874 2867 sanctus.

99 2937 148 2988 esp.
162 2937 244 2977 cxxv.
324 2904 396 2971 nna
415 2911 464 2970 est
483 2925 562 2991 quae
582 2905 659 2972 dicit
678 2925 791 2991 aquam
811 2925 875 2972 non
896 2903 992 2974 adeo
1012 2909 1159 2986 creatam,
1179 2902 1236 2972 sed
1250 2905 1279 2970 ei
1299 2923 1423 2990 semper

262 3007 359 3076 fuisse
375 3013 580 3074 coaeternam

88 3125 138 3177 co-
152 3125 245 3166 ΗΜ
325 3110 397 3178 Alia
412 3109 488 3176 dicit
503 3131 614 3196 corpus
629 3109 776 3192 hominis,
790 3131 855 3180 uon
868 3111 1007 3178 animam
1021 3131 1090 3176 esse
1105 3111 1277 3193 imaginem
1291 3108 1352 3174 dei.

76 3229 126 3279 cn·
139 3227 245 3270 Lxxvn·
326 3213 398 3282 Alia
419 3213 496 3282 dicit
518 3233 586 3281 csse
606 3212 850 3280 innumerabiles
866 3213 1010 3297 mundos,
1029 3213 1111 3280 siout
1124 3215 1244 3298 opinati
1264 3218 1338 3278 sunt
1352 3213 1423 3298 qui·

262 3315 336 3384 dam
350 3315 528 3403 philosophi
541 3317 690 3400 gentium.

66 3417 116 3469 ⁰¹¹*
130 3415 245 3460 ΜΠ·
325 3419 397 3486 Alia
415 3419 639 3486 sceleratorum
662 3423 782 3486 animas
809 3421 950 3486 converti
975 3421 1009 3486 in
1030 3417 1198 3485 daemones
1222 3417 1314 3500 dicit,
1339 3423 1373 3484 et
1389 3417 1424 3484 in

264 3543 404 3609 quareque
419 3523 567 3588 animalia
581 3526 647 3590 suis
661 3523 782 3590 meritis
797 3541 942 3605 congrua

89 3623 139 3674 ⁰⁸¹*
152 3623 245 3664 “¹¹¹⁴
327 3625 399 3692 Alia
418 3625 625 3692 descendente
645 3626 817 3692 adiuturos
838 3623 961 3692 Christo
987 3622 1156 3693 credidisse
1175 3621 1370 3706 incredulos,
1393 3629 1425 3688 et

263 3749 372 3798 omnes
387 3729 499 3796 exinde
514 3731 673 3794 existimat
687 3728 844 3794 liberatos.

100 3829 150 3881 ΟΨ
161 3829 246 3922 ,Μ
326 3832 399 3898 Alia
413 3834 602 3918 sempiterne
617 3837 726 3898 natum
744 3851 807 3898 non
821 3829 1000 3914 intelligens
1021 3827 1121 3896 lilium
1134 3835 1225 3914 putat
1238 3827 1327 3894 illam
1340 3829 1424 3894 nati·

263 3935 392 4002 vitatem
404 3935 576 4020 sumpsisse
591 3955 610 4000 a
624 3940 762 4018 tempore
776 3933 918 4010 initium3
935 3938 967 3998 et
980 3939 1087 3998 tamen
1100 3929 1209 3998 volens
1223 3937 1425 4000 coaeteruum

264 4040 346 4124 patri
360 4037 460 4104 filium
474 4037 626 4118 confiteri,
641 4037 724 4122 apud
737 4036 827 4104 illum
839 4036 937 4102 fuisse
949 4041 1117 4119 antequam
1129 4032 1167 4100 de
1179 4033 1231 4100 illo
1243 4039 1426 4100 nasceretur

264 4140 438 4221 existimet,
459 4140 518 4206 hcc
538 4145 586 4206 est
606 4159 729 4225 semper
749 4159 822 4206 eum
839 4139 951 4220 luisse,
975 4143 1191 4204 verumtamen
1210 4157 1335 4222 semper
1354 4157 1426 4202 eum

263 4242 365 4310 lilium
378 4263 441 4310 non
456 4243 564 4326 luisse,
579 4241 635 4308 sed
650 4261 689 4308 ex
704 4263 763 4328 quc
779 4241 818 4308 do
833 4240 886 4308 illo
902 4247 1059 4308 natusest
1073 4237 1258 4306 filiumesse
1272 4242 1424 4326 coepisse

264 4345 346 4412 ¹Has
360 4345 507 4412 haereses
521 4347 629 4431 putavi
643 4345 677 4410 in
695 4344 756 4411 hoo
774 4365 854 4431 opus
872 4363 979 4411 meum
991 4342 1031 4410 de
1045 4341 1195 4410 Philostri
1210 4363 1303 4428 opere
1317 4349 1423 4413 treus·

333 4493 353 4549 (t
388 4493 562 4550 ,Lxxx-
581 4495 602 4548 1.
617 4495 895 4566 Hicedttiperperun
910 4493 1425 4564 oddaatlllnqueeabrqnesuetorum
1537 4563 1541 4577 1

267 4563 365 4618 nomini
384 4577 415 4616 us
427 4569 497 4616 aunt.
530 4559 652 4632 (Boset.)
