3122 4990
286 355 348 422 tea
791 352 943 398 m

284 518 365 578 trem
380 515 520 578 nostram
534 515 704 578 aestimant
722 531 833 578 caecos
852 519 926 578 ante
945 513 1042 580 fuisse
1057 533 1153 598 quam
1165 519 1329 598 gustarent
1344 512 1384 580 dc
1399 534 1450 578 ar·

286 615 371 698 bore,
384 621 555 700 posteaque
571 617 751 701 ¹aperuisae
767 637 840 682 snos
857 616 998 698 oculosb,
1017 637 1054 681 ao
1065 623 1140 682 tnnc
1156 617 1240 704 qnod
1253 617 1329 682 nudi
1344 623 1453 682 esseut

284 718 490 804 2pcrvidissc,
517 737 589 782 curn
611 726 683 783 ante
707 723 862 805 scriptura
884 719 1016 784 dixerit⁰
1045 719 1128 803 quod
1148 719 1247 784 ⁸vidit
1266 720 1333 784 Ilva
1352 720 1452 786 oculis

285 825 355 886 suis
365 821 507 886 arborem
522 828 554 885 et
567 822 702 886 fructum
718 825 785 886 aius
805 829 853 904 et,
869 825 943 906 quia
956 822 1039 887 bona
1053 829 1183 908 aspectu
1198 829 1230 886 et
1244 825 1348 888 suavis
1369 826 1452 905 visu,

284 925 475 990 ⁴extendens
498 945 625 989 manum
646 912 828 1008 gustaverit.
868 925 1105 1006 Haereticorum
1125 933 1175 990 est
1193 928 1298 1009 itaque
1320 925 1451 990 demen-

285 1031 357 1111 tiae,
372 1033 405 1092 et
418 1027 604 1096 Indaeorum
619 1031 723 1113 potius
739 1031 916 1110 caecitatis,
931 1029 1006 1093 ⁵hoo
1022 1031 1067 1094 ita
1082 1031 1213 1111 sentire,
1236 1049 1308 1092 cnm
1321 1028 1452 1094 modum

284 1153 348 1198 non
363 1131 540 1214 intelligant
553 1130 731 1195 ⁶nuditatis.
766 1132 918 1214 Hanoque
940 1133 1141 1196 amissionem
1157 1130 1402 1196 immortalitatis
1417 1134 1452 1196 in

284 1237 552 1320 praevaricatione
568 1234 709 1298 mandati
725 1253 781 1299 nos
798 1234 913 1316 docuit,
929 1255 992 1299 non
1005 1237 1142 1319 corporis
1154 1234 1337 1300 nuditatem.
1363 1233 1452 1312 Quod

285 1359 342 1403 uos
358 1337 517 1422 apostolus
533 1337 649 1420 docuit,
665 1337 809 1419 dicons⁶‚
824 1337 878 1418 Ει,
893 1340 923 1402 oi
935 1338 1043 1401 induti
1055 1336 1221 1420 (juratam,
1236 1359 1300 1402 noo
1310 1337 1393 1402 audi
1401 1340 1451 1402 ia-

285 1443 465 1518 veniamur,-
478 1447 513 1506 et
527 1440 823 1522 iterumqloooico
835 1439 994 1505 Garatom
1008 1439 1120 1504 Iesum.
1152 1439 1192 1505 Et
1206 1441 1289 1524 quod
1305 1440 1451 1504 dominns

285 1547 319 1609 in
334 1543 494 1627 evangelio
510 1546 661 1628 increpat,
677 1543 785 1607 dicens
797 1542 843 1608 illi
857 1545 909 1627 qui
921 1563 985 1608 uon
997 1543 1217 1608 indumentum
1228 1542 1450 1628 nuptiale'ha·

286 1647 365 1730 buit,
380 1648 433 1730 qni
448 1651 515 1709 erat
529 1651 658 1711 vocatus
674 1645 730 1710 ⁷ad
745 1649 882 1731 nuptias.

118 1777 168 1829 cap.
183 1777 267 1816 cxvn.
348 1749 568 1816 Esthaeresis²
579 1769 669 1834 qnae,
681 1769 752 1814 cnm
762 1748 1017 1814 anditinGeneei
1029 1750 1112 1834 quod
1125 1748 1347 1836 ¹dominnspe·
1357 1749 1450 1835 pelli-

355 1939 377 1992 l.
389 1955 434 1990 eos
446 1937 579 2006 aperuisse
591 1937 625 1990 A.
660 1937 684 1990 2.
697 1935 851 2006 pervidisset
862 1935 895 1990 B.
934 1936 959 1988 3.
970 1936 1036 1990 vidit
1046 1937 1131 2007 iuquit
1141 1935 1196 1990 llva
1207 1937 1241 1987 A.
1254 1935 1318 1992 sidit
1329 1935 1394 2004 (vidi
1408 1935 1453 2003 B.)

286 2007 364 2060 etiam
379 2007 460 2058 Bato.
501 2005 525 2058 4.
538 2011 565 2057 et
576 2005 719 2058 extendens
733 2005 799 2056 Boc.
834 2005 858 2057 5.
871 2002 1021 2057 hooestita
1033 2005 1067 2056 A.
1108 2003 1131 2056 6.
1150 2004 1262 2073 Volyola
1275 2007 1404 2056 distinctio
1417 2014 1454 2056 est

285 2076 416 2138 nuditatis,
432 2073 551 2142 hancque
570 2083 626 2126 cett.
664 2074 715 2126 Pro
735 2073 808 2126 Hanc
827 2089 860 2126 ue
877 2077 1053 2142 cosmopoeia
1069 2073 1181 2128 Hancce.
1233 2073 1257 2128 7.
1281 2073 1313 2124 ad
1330 2073 1450 2143 nuptias:

285 2145 383 2207 Amice,
395 2142 525 2214 quomodo
537 2141 587 2196 huc
600 2142 702 2215 intrasti
713 2159 767 2196 uon
778 2091 877 2195 habens
889 2147 989 2195 vestem
1001 2159 1038 2195 nu
1056 2143 1146 2194 tialem
1158 2142 1232 2208 (Ab.

354 2211 416 2282 Cap.
429 2209 530 2263 CXVII.
543 2213 610 2262 solue
627 2211 785 2262 Gorbea'eneia
802 2211 866 2262 liber
879 2215 999 2262 censerat.
1064 2213 1209 2263 occideretur
1226 2213 1306 2278 ipitur
1323 2213 1350 2262 ιἰι
1368 2209 1451 2265 Bnbc.
1514 2213 1520 2227 ¹

286 2311 319 2321 -
339 2282 360 2334 l.
373 2280 493 2333 dominus
505 2279 621 2348 pellicias
633 2279 734 2336 tunicas
747 2281 781 2330 A.

304 2454 364 2490 uem
375 2435 433 2488 ride
445 2433 515 2488 xlv.
531 2434 569 2488 17.
583 2434 614 2488 de
627 2433 737 2490 Ciritme
750 2433 805 2514 Dei,
817 2437 844 2486 et
894 2431 1092 2556 qllalentinianqq
1110 2433 1199 2488 choico
1217 2441 1410 2505 supertextam,
1426 2441 1454 2488 et

204 2564 212 2578 ,
285 2507 321 2558 ii
343 2501 488 2557 Leonhardi
509 2503 608 2573 Coquei
628 2509 711 2556 notas.
740 2502 843 2570 [Simon
913 2517 1031 2556 ancesse
1056 2519 1069 2556 e
1090 2503 1172 2556 iceam
1183 2504 1299 2556 tunicam
1309 2503 1453 2556 obnoxiam

285 2576 380 2644 Magus
410 2572 480 2642 apud
507 2573 659 2642 scriptorem
681 2571 844 2624 Ebionaeum
895 2572 1009 2626 sensui.''
1049 2577 1126 2643 tcap.
1139 2571 1164 2624 7.
1182 2571 1328 2626 deltesurr.
1346 2571 1452 2626 Carnis:

287 2642 507 2696 Clementinorum
519 2639 562 2694 ΠΙ.
574 2640 615 2694 39.
640 2639 747 2706 ,Λύτίκα
759 2643 818 2712 γοῦν
829 2636 843 2690 ὁ
897 2639 1001 2710 „Neque
1017 2641 1095 2704 enim,
1107 2647 1137 2694 ut
1150 2641 1255 2710 qnidam
1273 2641 1376 2704 volunt,
1393 2642 1454 2694 illae

287 2711 340 2764 καθ’
357 2708 475 2781 ὁμοίωσιν
493 2708 569 2761 αὐτοῦ
586 2707 695 2779 γεγονὼς
712 2706 791 2794 ‘step
803 2707 843 2758 aul
894 2709 1017 2780 pelliceae
1036 2709 1152 2771 tunicae,
1173 2725 1238 2778 quas
1255 2708 1338 2761 Adam
1358 2715 1385 2760 et
1399 2709 1454 2761 Era

286 2778 564 2918 {tutatust
581 2773 843 2898 sextilius·
895 2777 1367 2899 tttltmtllmtllttta
1380 2778 1455 2898 ltu

286 2917 339 2983 42]
374 2915 431 2982 (F.)
895 2915 1029 2984 aliquanto
1046 2915 1118 2984 prius
1136 2920 1162 2967 et
1184 2914 1266 2966 Adam
1290 2885 1454 2967 substantiae

320 2987 346 3038 b.
363 2990 506 3054 posteaque
518 2999 535 3036 a
553 2983 651 3038 eruisse
668 2998 731 3036 suos
743 2983 843 3050 oculos]
895 2999 959 3036 suae
969 2981 1103 3036 traducem
1114 2983 1142 3036 in
1153 2983 1251 3035 femina
1261 2981 1313 3035 iam
1325 2996 1404 3036 carne
1415 3000 1454 3035 re-

288 3052 470 3108 Genes.lIl.‘l.
505 3055 519 3115 (
544 3059 562 3119 .)
895 3052 1056 3120 cognoverit:
1086 3051 1142 3106 lloc
1165 3067 1234 3104 nunc
1252 3067 1280 3104 os
1297 3067 1331 3103 ex
1349 3051 1455 3104 ossibus

321 3139 343 3174 c.
353 3127 412 3175 ante
419 3119 658 3190 seripturadixerit]
667 3121 739 3172 Vere.
746 3119 770 3173 6.
787 3123 801 3180 (
825 3127 845 3184 .)
895 3115 969 3182 mab,
977 3127 1004 3172 et
1015 3136 1074 3173 caro
1087 3137 1121 3173 ex
1133 3135 1210 3172 carne
1222 3135 1288 3184 mea,
1302 3125 1329 3171 ot
1339 3121 1399 3190 ipsa
1410 3120 1454 3173 de·

321 3191 345 3244 d.
363 3190 464 3256 diceus]
481 3189 496 3240 2
509 3188 623 3242 Corinth.
634 3190 665 3241 V.
674 3188 698 3242 3.
719 3185 791 3276 ,Εἶχε
803 3187 844 3238 καὶ
894 3189 984 3242 libatio
995 3189 1106 3242 masculi
1121 3189 1149 3241 in
1159 3188 1284 3242 feminam
1299 3204 1377 3242 carne
1394 3205 1456 3259 sup

287 3255 522 3395 loboodpsooqotqu
543 3255 847 3378 volsipptchpctastffl.)
897 3257 967 3327 pteta
984 3257 1026 3322 sit,
1043 3257 1120 3323 limo,
1138 3258 1240 3327 opinor,
1258 3255 1415 3328 supplenda,
1433 3257 1457 3310 si

321 3345 343 3380 e.
362 3327 493 3380 etiterum
562 3343 597 3378 m.
637 3325 679 3377 lli.
692 3325 731 3376 ll.
745 3321 846 3388 „uvat
897 3325 983 3378 Adam
1000 3324 1084 3378 adhuc
1100 3325 1204 3378 limus.''
1233 3325 1302 3388 Quas
1317 3367 1329 3391 ,
1350 3325 1455 3378 elliceas

289 3395 363 3448 σασθε
376 3393 418 3446 cbo
431 3395 513 3464 κύριον
526 3391 645 3459 Ἰησοῦν.”
681 3393 739 3458 (F.)
807 3451 810 3458 ,
898 3341 1455 3457 unicas'vocavituertullianus,„derman-

223 3469 225 3473 '
321 3465 340 3517 f.
363 3463 544 3516 indumentum
561 3462 689 3532 nuptiale]
719 3457 848 3531 ,,Ἔνδυμα
898 3479 960 3516 nam
970 3463 1101 3516 tunicam”
1111 3463 1177 3516 dixit
1185 3461 1313 3526 irenaeus,
1325 3460 1395 3515 hunc
1405 3463 1456 3514 Va-

288 3530 386 3604 γάμου”
397 3529 490 3584 Matth.
502 3530 589 3585 XXll.
604 3531 642 3583 ll.
679 3531 737 3595 (F.)
898 3531 1073 3584 leutianorum
1090 3545 1202 3584 errorem
1217 3545 1356 3583 recensens
1372 3531 1418 3585 lib.
1435 3529 1455 3583 l.

323 3601 359 3655 Ga
380 3599 538 3653 .0xvfl.-
550 3616 573 3652 a.
585 3599 765 3668 llsthaeresis]
778 3598 849 3662 Quae
900 3617 956 3670 cap.
968 3599 1019 3652 bn.
1028 3597 1066 3652 5.:
1082 3597 1158 3665 ,Post
1168 3599 1259 3652 deinde
1269 3598 1457 3653 circumdatam

289 3671 320 3724 de
350 3618 446 3722 elliceis
457 3668 551 3720 tunicis
562 3668 704 3737 primorum
712 3672 850 3738 parentum
900 3667 990 3721 dicunt
1005 3669 1029 3721 ei
1049 3667 1220 3721 donnatinam
1238 3669 1367 3730 tunicam3
1387 3666 1457 3720 hanc

288 3689 367 3792 tradit
377 3735 541 3800 Philastrins,
558 3752 589 3788 ea
600 3735 710 3789 tendunt
725 3737 758 3788 ad
774 3735 849 3788 retal·
900 3743 988 3790 autern
997 3737 1147 3790 sensibilem
1159 3752 1264 3789 caruem
1273 3735 1457 3790 essevolunt'¹

288 3807 393 3860 leudam
404 3806 508 3857 illorum
519 3803 638 3858 haeresin
656 3806 701 3874 qui
716 3804 849 3857 hominem
899 3805 991 3858 Sixtus
1009 3803 1133 3858 Senensis
1150 3805 1195 3857 lib.
1210 3805 1240 3857 V.
1259 3804 1325 3856 Bibl.
1343 3804 1458 3858 Sanctae

289 3877 342 3928 iam
358 3873 489 3936 choicum,
506 3879 536 3926 nt
551 3874 589 3924 ait
604 3871 727 3926 Irenaeus
743 3873 763 3937 l,
779 3871 803 3934 5,
815 3871 847 3937 5.,
900 3879 988 3928 annot.
1001 3873 1043 3926 53.
1063 3874 1141 3926 reiert
1158 3889 1270 3926 errorem
1287 3871 1355 3924 bunc
1373 3873 1458 3926 ante-

289 3945 315 3996 id
325 3949 365 3996 est
373 3959 406 3996 ex
415 3941 689 4004 materiacoucretum‚
698 3957 751 3992 non
760 3946 848 3994 tamen
898 3942 987 3996 thodio
999 3942 1159 4012 adscriptum
1167 3941 1248 3994 irrisae
1258 3939 1368 4010 Origini,
1399 3941 1458 3994 nasi

290 4013 324 4064 ab
342 4011 390 4064 hac
408 4010 480 4064 arida
496 4015 578 4076 terra,
602 4007 648 4062 sed
671 4009 704 4060 ab
724 4009 848 4062 invisibili
898 4011 920 4064 is
939 4011 1100 4064 existimaret
1118 4027 1188 4071 „rem
1205 4007 1343 4063 admodum
1361 4009 1384 4062 ri
1404 4009 1458 4061 'cu-

290 4079 438 4132 snbatantia
470 4078 582 4131 turmam
611 4078 744 4147 accepisse
773 4083 847 4147 puta·
899 4081 1021 4132 tamesae
1034 4078 1103 4148 quod
1116 4074 1180 4132 deus
1198 4077 1332 4131 decoriatis
1344 4077 1457 4130 mortuis

290 4150 367 4208 hant;
383 4147 476 4200 deinde
488 4147 619 4200 carnalem
635 4145 800 4216 superficiem
817 4163 847 4199 ac
898 4147 1075 4200 animantibus
1087 4147 1168 4216 pelles
1181 4151 1284 4216 pararet
1295 4151 1321 4198 et
1330 4145 1458 4216 pelliceas

291 4215 440 4268 sensibilem
449 4216 564 4286 corporis
576 4215 688 4269 formam
699 4221 762 4267 tuno
773 4215 847 4267 indu·
898 4216 1000 4270 tunicas
1013 4222 1158 4280 consueret,
1171 4231 1200 4267 ac
1213 4215 1236 4266 si
1248 4219 1318 4266 esset
1329 4213 1458 4266 coriarius

290 4286 351 4348 isse,
364 4299 424 4364 cum
435 4283 463 4335 in
474 4283 570 4364 Genesi
579 4284 675 4366 legitur
683 4283 754 4352 quod
767 4283 847 4364 dqmi·
897 4284 942 4365 vel
951 4283 1057 4354 pellium
1069 4283 1166 4336 sutor.‘'
1178 4283 1198 4336 Α
1209 4299 1260 4352 quo
1268 4287 1360 4364 ‘tamen
1369 4297 1459 4334 errore

290 4351 848 4490 lbtlttttttttutttttltt
899 4351 1459 4484 tutatustljetustd‘ut:

327 4487 458 4540 tissimum
466 4487 648 4554 Valentiniani,
660 4493 691 4540 ut
701 4491 803 4540 constat
814 4503 848 4539 ex
899 4503 960 4541 cnm
970 4487 1053 4542 tuisse
1065 4493 1214 4558 corruptum
1232 4437 1386 4540 adaemnlis
1401 4486 1459 4540 Ori·

292 4505 451 4607 llbrtulliano
464 4555 521 4608 adv.
533 4554 636 4610 Valent.
648 4571 703 4626 cap.
713 4557 753 4608 tl.
768 4555 848 4620 ,Inte
899 4557 988 4626 genis3
1000 4557 1022 4610 is
1035 4558 1105 4614 enim
1117 4558 1143 4610 in
1155 4555 1203 4609 hac
1215 4559 1369 4610 remantem
1380 4571 1459 4609 suam

294 4623 343 4676 rim
354 4623 484 4676 cundem
495 4621 659 4692 superficiem
670 4629 762 4692 postea
775 4623 850 4678 aiunt
900 4623 1027 4682 catholice
1037 4625 1121 4697 aperit
1130 4625 1224 4680 Hamil.
1235 4624 1258 4683 6.
1270 4624 1297 4677 in
1306 4623 1398 4690 Leuc,
1411 4625 1458 4678 ubi
