3122 4990
528 327 865 374 cameracensem
1217 325 1276 396 151

176 489 262 556 Sunt
274 489 402 575 quidam
415 489 633 574 haereticiqui
647 505 719 554 oum
733 485 842 572 legunt
855 487 1058 572 scripturam,
1079 485 1203 552 dicente
1220 484 1277 552 do·
1295 499 1346 552 σιμ
1359 497 1480 542 cxxxur-

113 597 236 675 mium,
249 592 422 658 Faciamus
436 593 588 658 lamudam
601 594 646 656 ad
657 593 825 678 imaginem
839 601 869 656 et
881 577 1115 654 similitudinarie
1124 601 1277 672 nostram,
1296 567 1357 621 ‘⁰⁸⁹'
1370 566 1490 618 “mvl

111 717 175 762 non
198 699 233 760 in
253 715 381 782 parvam
403 695 598 761 descendunt
619 697 804 775 amentiam,
830 695 1010 776 ignorantes
1038 693 1175 778 primum
1201 691 1277 774 quid

110 801 215 882 imago
231 799 345 883 quidve
366 798 535 863 similitudo
557 799 599 862 sit
619 797 685 878 dei,
710 817 842 880 cumque
863 797 1009 860 nesciunt
1024 795 1104 878 quid
1119 796 1162 858 sit
1174 797 1276 876 imago

111 901 160 966 dei
177 907 292 966 natura
305 903 514 986 proprietatis,
530 906 562 963 et
576 901 669 984 ¹quid
684 899 866 985 ²positionis
882 901 923 961 sit
937 899 1051 980 gratia,
1066 917 1131 961 non
1145 917 1281 982 parvam

112 1004 170 1068 sibi
182 1010 389 1089 praesumunt
399 1003 578 1089 superbiam
590 1003 759 1086 dignitatis.
782 1001 886 1083 Imago
896 1003 981 1065 enim
992 999 1053 1081 dei,
1068 999 1100 1063 id
1112 1005 1161 1062 est
1172 1002 1278 1063 anima

111 1109 216 1172 omnis
230 1107 400 1187 hominist,
420 1107 503 1171 facta
522 1125 561 1170 ex
579 1104 691 1186 nihilo,
706 1103 877 1169 similitudo
893 1108 998 1167 autem
1018 1104 1051 1165 in
1072 1101 1132 1165 fide
1154 1107 1186 1165 et
1199 1104 1277 1183 vita,

110 1211 172 1274 ulsi
193 1211 320 1292 cognita
339 1209 433 1272 iuerIt
451 1230 470 1272 a
490 1209 564 1290 deo,
586 1207 736 1293 appellari
758 1227 822 1272 non
840 1211 945 1291 potest
964 1205 1014 1270 dei
1035 1207 1137 1288 imago
1153 1205 1274 1269 sImiIis.

111 1311 253 1396 (nmque
269 1333 303 1376 se
317 1331 386 1376 esse
401 1311 473 1396 plus
488 1313 634 1376 aestimat
652 1309 780 1394 aliquis,
801 1309 1064 1394 praesumptionis
1086 1309 1204 1372 crimen
1225 1309 1275 1370 in·

112 1418 210 1480 omrit
224 1417 328 1500 potius
342 1433 437 1498 quam
450 1416 597 1478 merItum
608 1413 768 1495 dignitatis
782 1411 841 1476 sibi
857 1413 999 1494 acquirit.
1021 1409 1104 1474 Nam
1116 1429 1187 1474 oum
1198 1409 1275 1475 haec

111 1515 266 1603 'peccans
277 1517 454 1582 ⁴invenitur
464 1519 579 1598 anima,
594 1521 627 1579 st
637 1509 753 1580 iudicio
765 1514 900 1580 obnoxia
914 1511 1102 1576 ⁵detinenda
1113 1515 1274 1596 cognosci·

112 1625 172 1702 tur,
187 1619 343 1703 quomodo
364 1639 432 1683 esso
453 1625 559 1704 potest
576 1618 654 1682 haee
675 1619 724 1682 dei
739 1617 891 1682 naturalia
907 1618 1025 1698 imago,
1045 1635 1125 1698 quae
1141 1614 1274 1679 diuersis
1311 1625 1314 1632 '

111 1723 251 1807 peccatis
266 1721 458 1785 ⁶dinosoitur
472 1718 644 1784 inseruire?
660 1741 732 1784 cum
747 1720 808 1784 alia
821 1718 909 1784 nulla
923 1738 992 1782 esse
1007 1719 1109 1802 possit
1122 1716 1275 1782 naturaIIs

112 1828 214 1907 imago
236 1823 286 1888 dei
307 1823 414 1888 diviua
432 1829 464 1888 et
481 1825 579 1908 patris
598 1825 738 1908 propria,
758 1841 822 1890 non
842 1821 944 1904 angeli
963 1827 1018 1884 aut
1036 1819 1190 1900 hominis,
1213 1822 1275 1883 uisi

112 1926 228 1991 Christi
241 1925 292 1989 dei
304 1925 369 2006 filii,
385 1928 438 2010 qui
449 1931 561 1990 natura
571 1927 769 2010 proprietatis
781 1924 953 1988 indiscreta
963 1929 1112 2009 paternae
1125 1921 1272 1986 substan·

113 2032 172 2093 tiae
187 2051 225 2094 ao
241 2031 450 2112 sempiternae
465 2031 585 2110 imago⁰
601 2030 657 2108 sit,
676 2030 780 2109 genita
800 2028 938 2112 proprie,
960 2047 1022 2090 non
1036 2027 1190 2110 positione
1206 2046 1272 2088 sor-

112 2134 221 2197 uitutis
237 2137 343 2195 creata
357 2151 395 2194 ex
410 2130 518 2212 nihilo,
532 2137 568 2194 ut
582 2131 673 2194 homo
690 2137 722 2192 et
736 2129 874 2212 angelus.
897 2129 1031 2213 Ideoque
1046 2131 1226 2210 imaginem,
1241 2127 1274 2191 id

113 2243 160 2299 est
174 2237 330 2314 animam,
350 2233 513 2298 hominum
532 2253 740 2318 paganorum,
760 2231 961 2313 Iudaeorum,
981 2232 1224 2311 haeretieorum,
1243 2237 1275 2294 ot

114 2341 254 2402 omnium
269 2336 330 2400 diei
345 2357 437 2422 posse
453 2335 622 2400 declaravit
636 2338 669 2398 in
685 2337 842 2399 communi
857 2337 1055 2418 generatione
1071 2339 1164 2417 atque
1179 2336 1272 2397 unius

113 2441 272 2524 qualitatis
288 2439 435 2502 'naturae
448 2441 603 2524 scriptura
613 2437 842 2502 substantiamd
855 2439 1020 2518 nuntiavit,
1035 2435 1273 2500 simiIitudinem

112 2549 215 2606 autem
227 2563 292 2606 non
303 2544 452 2623 omnium,
465 2541 520 2605 sed
532 2548 738 2622 sanceronis,
751 2547 783 2604 et
794 2541 1041 2605 Christianorum
1053 2559 1121 2602 esse
1132 2546 1271 2603 tantum·

114 2644 205 2710 modo
222 2643 407 2725 declaravit,
422 2647 475 2728 qui
490 2646 523 2708 in
538 2643 615 2726 fide,
631 2646 696 2708 vita
710 2645 759 2707 iet
772 2643 854 2708 bono
871 2664 963 2728 opere
979 2647 1198 2728 permanentes
1214 2663 1271 2705 an·

112 2747 251 2830 gaiorum
266 2745 413 2810 caelestia
426 2746 552 2811 meritat
565 2749 598 2812 in
610 2747 749 2811 futurum
761 2747 910 2830 consequi
921 2747 1154 2830 promittuntur,
1169 2748 1205 2806 ut
1215 2765 1271 2828 pa·

112 2849 281 2929 triarchas,
296 2849 480 2934 prophetae,
496 2849 689 2932 sacerdotes,
704 2849 840 2930 indicae,
859 2847 991 2934 apostoli
1006 2853 1098 2930 atque
1115 2845 1272 2928 evangeli·

112 2957 175 3015 stae
192 2959 225 3016 et
239 2959 403 3035 martyres,
419 2954 472 3037 qui
486 2953 619 3018 trinitati
635 2952 798 3018 credentes
813 2958 845 3015 et
859 2954 892 3016 iu
903 2953 969 3015 uita
978 2948 1138 3036 praeclara
1148 2970 1272 3036 perma-

177 3155 241 3226 Oap.
256 3153 413 3212 CXXXVII.
426 3161 454 3208 io
466 3157 521 3209 ato.
533 3160 683 3226 inscriptam
695 3166 733 3209 eoi
747 3157 787 3210 Da
806 3173 917 3210 amacura
933 3173 967 3208 ar
981 3170 1162 3210 srurarrvnuur
1179 3171 1227 3208 nri
1245 3171 1272 3208 rs

112 3241 212 3278 uonna
225 3241 406 3278 manassia—
426 3225 574 3294 Lquodtl.
626 3225 649 3280 2.
662 3227 788 3295 portionis
801 3226 824 3280 b.
876 3225 901 3278 3.
912 3224 1025 3296 peccatis
1038 3224 1061 3275 t.
1106 3221 1131 3278 4.
1144 3222 1275 3276 inuenitur

111 3310 156 3346 oa.
173 3293 209 3345 A.
267 3291 292 3344 5.
309 3291 448 3346 dednenda
464 3294 499 3347 A.
517 3294 654 3348 deunendo
671 3297 770 3362 rele'qci.
828 3293 851 3346 6.
869 3293 1011 3346 dinoscitur
1028 3291 1202 3362 (dignoscitur
1219 3291 1274 3358 cc.)

112 3361 204 3414 Aliae.
217 3361 369 3428 agnoscitur
381 3362 404 3416 b.
458 3361 603 3416 maturae
614 3363 649 3417 A.
663 3364 866 3432 naturaralipai.
918 3359 942 3416 8.
956 3368 1039 3415 stom.
1052 3361 1075 3414 b.

160 3566 224 3637 Gap.
239 3565 396 3622 CXXXVII.
414 3599 447 3610 -
464 3585 489 3622 a.
507 3569 607 3622 ucenae
622 3569 667 3622 do·
752 3586 775 3624 e.
788 3566 983 3620 imilitudinem
992 3571 1140 3619 autemnon
1149 3567 1272 3630 omnium,

112 3635 193 3702 mino]
213 3635 307 3689 Genea.
319 3636 339 3690 l.
351 3636 392 3688 26.
427 3637 485 3700 (F.)
717 3638 763 3690 sed
775 3637 934 3701 sanctorum]
962 3635 1006 3687 Sic
1018 3635 1046 3689 S.
1059 3635 1182 3687 Paulinus
1195 3635 1272 3704 epist.

128 3721 151 3774 b,
163 3719 201 3772 lm
240 3721 334 3773 00njm
344 3723 392 3786 (101,
401 3721 428 3773 id
437 3727 477 3774 est
485 3723 573 3775 anim,
581 3723 666 3775 omni
717 3705 742 3760 2.
755 3705 787 3757 ad
805 3703 929 3756 Severum
951 3704 1025 3756 docet
1046 3704 1073 3755 in
1089 3701 1172 3756 Adam
1190 3703 1272 3754 solam

112 3785 223 3842 hominis
253 3788 373 3842 Pluribus
383 3789 431 3842 hoo
441 3791 569 3842 veteribus
585 3793 666 3843 eoele—
717 3771 1127 3852 n⁰blSim³gl¹¹0m19mass⁵iSSQ
1145 3770 1176 3822 ad
1194 3772 1273 3852 ⁰¹}gl3

113 3857 164 3909 5120
176 3857 325 3910 doctoribus
337 3873 505 3927 persuasum,
522 3857 581 3910 vid,
592 3858 664 3911 pota.
715 3843 802 3894 nalem
814 3847 900 3893 autem
912 3841 1023 3908 gloriam
1035 3855 1082 3892 nos
1095 3839 1238 3902 reformari,
1250 3856 1273 3892 ει

111 3927 180 3978 vium
196 3925 241 3979 pp,¹
255 3927 279 3980 2·
297 3925 392 3995 Dogm,
405 3925 495 3979 Theop⁸
514 3926 545 3978 ,10
561 3928 664 3996 opificio
714 3907 1273 3962 dimamsimilitudinomchristiucitauona

112 4009 155 4046 Μ
173 3993 275 4047 dierum
287 4011 343 4064 cap,
356 3995 381 4048 2,
399 4001 424 4046 ,t
440 3994 668 4048 Bengdpcflnomm
719 3979 860 4048 capiamus.
884 3977 969 4030 Etiam
979 3976 1081 4028 Platoni
1092 3975 1120 4028 in
1131 3973 1272 4028 Theaeteto

111 4059 298 4182 prolegomena
310 4063 342 4114 ad
354 4061 381 4114 s,
390 4063 481 4115 ffllaffi
494 4061 578 4132 090„
588 4081 613 4132 p·
625 4063 666 4117 pg¹
720 4043 836 4114 ὁμοίωσις
848 4045 961 4098 hominis
977 4044 1099 4124 addeum
1111 4049 1152 4095 est
1164 4042 1272 4107 ,δίκαιον

112 4135 135 4182 at
147 4132 176 4184 ll
198 4169 205 4182 ,
224 4157 226 4160 -
241 4130 299 4195 (R)
719 4113 758 4164 sol
771 4111 838 4164 ὅσιον
850 4113 959 4234 proiciat
968 4129 1029 4181 μετα
1038 4111 1202 4192 ppouricmoo”
1214 4111 1272 4176 (F.)

142 4239 306 4314 apotomae
318 4233 479 4286 substantiae
491 4249 520 4286 ee
533 4233 666 4303 sempiter·
717 4181 769 4302 carl
784 4180 1272 4316 ffiffilhlcssshedlmthlnllalllld.

112 4317 157 4384 {¹⁸⁰
170 4303 272 4388 Πξῑόἔθ]
291 4299 404 4390 fJ⁰bf·„1·
417 4301 441 4356 3·
461 4300 605 4372 »dimili
624 4303 666 4368 illi
719 4318 794 4386 [Hinc
806 4323 904 4370 veteres
917 4265 1023 4384 quidam
1038 4317 1201 4370 venerantia
1213 4333 1272 4370 eam

112 4387 267 4429 ”mmm
280 4387 363 4421 ΜΝ
414 4371 471 4436 (F)
717 4387 878 4456 opinionem,
895 4384 1048 4453 angelorum
1066 4385 1110 4454 qui
1127 4385 1272 4438 coeIdorant

141 4455 166 4509 d,
185 4455 265 4508 nnius
295 4455 409 4508 ualitatis
421 4461 529 4510 naturae
541 4456 667 4526 scriptura
716 4470 853 4509 numerum
863 4452 1051 4506 restituendum
1069 4469 1126 4508 esse
1141 4453 1173 4508 de
1188 4451 1271 4506 homi·

111 4470 296 4588 snbstantiaml
309 4521 353 4576 Sic
364 4524 559 4594 aepiscopus.
574 4543 666 4588 ‚unca
716 4525 803 4577 nibus.
821 4522 852 4577 V.
865 4521 983 4576 Aurelmi
995 4520 1116 4577 canna.
1128 4521 1174 4578 lib.
1187 4521 1206 4574 I.
1219 4521 1271 4576 Cur

111 4593 244 4659 paduana
253 4591 446 4648 manuam?
481 4593 538 4659 (F.)
717 4591 780 4648 daus
791 4590 870 4646 homo
882 4606 905 4646 c.
920 4589 959 4648 16.
972 4607 999 4660 p.
1011 4588 1065 4660 81.]
1098 4587 1155 4656 (F.)
