3112 4986
601 285 688 328 amsa
700 287 810 328 ramus
1121 221 1125 231 ¹
1221 287 1281 354 ῃ(

117 447 208 528 ptem
224 441 381 525 ecclesiis,
400 445 434 510 in
448 448 570 529 septem
585 442 700 526 oculis,
720 449 752 508 et
770 444 804 510 in
825 449 947 530 septem
962 440 1159 510 candelabris
1180 444 1283 508 aureis
1354 461 1357 470 ·

119 545 308 612 conlocatas.
598 597 600 604 ,
1276 585 1281 602 ,
1495 545 1502 578 ⁴

179 649 398 716 sextadecima
408 649 547 716 haeresis
558 650 850 717 Heracleenitsrum
860 647 1100 718 abflcraoleone
1112 649 1284 714 adinventa
1304 661 1354 712 car·
1367 657 1423 700 XVI·

120 757 181 834 est,
197 773 276 836 quae
292 753 485 838 baptizatum
498 753 674 835 hominem,
690 757 755 818 sive
770 756 887 820 iustum
903 756 969 818 sive
983 758 1195 838 peccatorem,
1214 751 1282 818 loce

121 858 225 920 saneti
239 859 411 941 computari
427 856 574 939 decebat,
594 857 734 942 nihilque
755 857 866 924 obesse
881 856 1047 944 baptizatis
1058 863 1197 941 ,peccata
1215 876 1282 921 me·

120 958 280 1041 merebat,
295 959 419 1041 diosna,
441 961 524 1026 sicut
543 981 606 1026 nen
620 962 654 1024 in
669 981 704 1025 se
719 963 829 1046 recipit
843 967 955 1026 natura
968 961 1051 1044 ignis
1065 958 1153 1043 gelu,
1167 961 1212 1024 ita
1225 958 1282 1024 ba·

119 1063 258 1147 ptiaatus
272 1083 335 1128 non
350 1065 383 1128 in
399 1084 432 1126 se
444 1065 555 1148 recipit
566 1069 737 1149 peccatum.
761 1063 850 1130 Sicut
864 1066 950 1128 enim
960 1065 1041 1146 ignis
1052 1062 1181 1128 resolvit
1191 1081 1283 1146 aspe-

121 1172 174 1230 ctu
189 1187 246 1231 sue
267 1167 356 1232 nives
376 1171 645 1251 quantaecumque
659 1169 747 1232 iuxta
762 1169 835 1249 sint,
857 1169 903 1232 sic
919 1165 1016 1232 semel
1032 1153 1205 1251 baptisatus
1220 1187 1284 1232 nen

121 1270 234 1353 recipit
248 1276 447 1354 peccatorum
461 1277 600 1351 reatum,
620 1271 715 1334 etiam
736 1271 901 1354 quantavis
921 1269 1037 1334 fuerint
1056 1269 1201 1354 operibus
1216 1270 1283 1334 eins

121 1379 252 1456 peccata
266 1372 428 1456 permixta.
458 1373 566 1438 Hicin
580 1372 723 1458 partibus
738 1372 862 1438 Siciliae
877 1368 1037 1436 inchoavit
1051 1371 1171 1436 decere.
1201 1372 1283 1438 Cen·

121 1479 170 1538 tra
183 1472 269 1538 huno
284 1483 491 1561 susceperunt
505 1478 642 1562 episcopi
654 1475 839 1555 Siculorum,
853 1473 1055 1540 1Eustachius
1066 1473 1284 1558 lilybaeorum

121 1583 154 1640 ot
166 1577 411 1644 Panermeerum
422 1578 614 1662 Theodorus,
629 1581 744 1663 quique
756 1581 895 1644 omnium
911 1581 963 1662 qui
978 1599 1034 1662 por
1045 1576 1185 1644 Siciliam
1195 1584 1286 1642 erant

121 1682 339 1766 episcoporum
358 1681 512 1766 synodum
532 1689 695 1748 exorantes
716 1680 829 1764 ²gescis
850 1702 922 1748 eum
942 1681 1049 1747 audire
1070 1680 1284 1762 decreverant,

122 1788 154 1846 et
171 1786 334 1848 universas
354 1784 547 1850 adsertiones
568 1787 634 1850 eius
654 1785 823 1867 dirigentes
843 1783 885 1848 ad
910 1791 1054 1850 sanctum
1071 1783 1283 1848 Alexandrum

120 1885 208 1950 urbis
223 1889 405 1972 episcopum
420 1880 608 1971 rogaverunt
626 1895 662 1952 ut
676 1888 716 1954 ad
731 1907 802 1952 euro
823 1887 1047 1952 confutandum
1060 1887 1180 1972 aliquid
1200 1886 1283 1952 erdi·

120 1995 220 2054 naret.
258 1988 346 2056 Tnnc
367 1997 494 2056 sanctus
512 1991 692 2056 Alexander
709 1990 749 2056 ad
770 1989 893 2072 singula
912 2010 1052 2075 quaeque
1072 1993 1175 2076 capita
1193 1988 1286 2074 hydri

120 2092 260 2176 singulos
280 2092 401 2175 gladios
420 2093 471 2158 dei
489 2095 578 2160 verbi
599 2093 639 2160 de
658 2095 772 2176 vagina
791 2092 914 2158 divinae
934 2092 1012 2176 legis
1028 2095 1156 2176 eiciens,
1170 2091 1285 2163 librum

121 2201 231 2261 cenha
251 2195 476 2262 Heracleensem
498 2196 662 2280 ordinans,
688 2197 955 2262 ferventissimum
974 2197 1119 2278 ³ingenie
1139 2195 1283 2262 Sabinia-

120 2298 430 2384 compresbyterum
445 2299 625 2382 destinavit,
640 2300 693 2384 qni
708 2305 740 2362 ct
754 2301 880 2384 scriptis
894 2297 1051 2385 ⁴episcopi
1066 2305 1098 2364 et
1108 2300 1284 2366 adsertione

120 2422 179 2466 sna
192 2403 238 2466 ita
252 2423 325 2466 cum
339 2403 529 2485 confutaret,
548 2409 584 2468 ut
598 2408 690 2468 necte
704 2401 808 2468 media
822 2403 912 2466 navis
927 2401 1083 2488 praesidio
1097 2403 1233 2487 ingeret,
1254 2409 1286 2468 et

119 2505 204 2570 ultra
217 2505 347 2572 ubinam
362 2506 542 2572 devenisset
554 2507 680 2591 penitus
694 2505 800 2570 nullus
816 2507 920 2570 sciret.

184 2607 448 2696 Septimadeeima
470 2607 609 2674 haeresis
635 2607 828 2694 Ophitarum.
868 2609 911 2674 Hi
936 2629 955 2674 a
980 2607 1107 2676 colubro
1132 2610 1285 2676 nominati
1301 2627 1433 2682 caaxvrr.

121 2718 208 2778 sunt.
246 2701 382 2778 Colnber
397 2715 481 2778 enim
497 2713 613 2779 Graece
630 2710 720 2797 ophis
735 2711 858 2776 dicitur.
894 2710 1021 2776 Habent
1035 2731 1106 2794 ergo
1123 2711 1284 2778 colubrum

120 2815 288 2881 adsuetum
303 2835 410 2882 comm
424 2837 522 2902 panes
537 2815 643 2899 lingna
656 2813 812 2896 lambere,
831 2819 925 2898 atque
944 2815 990 2878 ita
1009 2835 1048 2880 ex
1068 2835 1103 2878 se
1124 2814 1210 2880 velut
1228 2817 1282 2880 en·¹

121 2918 303 2984 charistiam
317 2921 521 2984 sanctificare.
546 2919 645 2996 Quem
660 2917 822 2984 colubrum
837 2937 929 2982 suum
944 2916 1103 2982 Christum
1117 2917 1284 3004 appellant

121 3021 238 3087 Contra
251 3022 309 3086 hes
325 3028 531 3106 susceperunt
544 3021 710 3104 Bithyniae
724 3022 902 3106 provinciae
919 3020 1107 3102 sacerdotes,
1128 3022 1161 3088 id
1176 3029 1225 3090 est
1239 3025 1284 3088 ei-

119 3127 228 3190 vitatis
244 3124 469 3190 Calchedonias
493 3130 525 3188 et
538 3123 738 3188 Nicomediae
761 3126 901 3209 episcopi
928 3123 1111 3188 Theocritus
1131 3130 1164 3188 et
1181 3125 1284 3191 Evan-

121 3225 188 3308 der,
204 3233 236 3290 et
250 3228 448 3292 confutantes
464 3248 517 3292 eos
532 3227 656 3312 publice
672 3233 870 3311 superarunt,
884 3232 978 3310 atque
999 3233 1223 3312 superventum
1237 3228 1284 3292 la-

121 3332 242 3394 cientes
257 3332 302 3394 eis
318 3351 374 3415 per
388 3329 518 3411 collegia
537 3349 646 3396 eorum
668 3331 701 3394 in
721 3329 903 3413 Bithyniae,
923 3335 958 3394 ut
973 3329 1051 3412 dixi,
1069 3329 1211 3415 partibus
1230 3350 1286 3414 per

119 3435 336 3517 possessiones
357 3433 498 3498 clanculo
521 3432 576 3496 ubi
596 3433 674 3496 haec
701 3434 771 3518 ipsa
791 3432 1029 3518 perpetrabant,
1055 3439 1087 3496 et
1107 3431 1285 3497 sacerdotes

121 3555 231 3600 eorum
256 3535 473 3618 eliminarunt,
498 3542 531 3598 at
549 3541 710 3620 serpentes
731 3555 839 3602 eorum
857 3534 1052 3616 ecciderunt,
1077 3556 1114 3600 ae
1133 3538 1285 3611 rationem

121 3637 288 3704 reddentes
303 3641 388 3706 omni
402 3638 517 3724 populo
531 3640 700 3705 maximam
714 3643 835 3723 partem
849 3637 950 3722 plebis
965 3637 1005 3702 ab
1019 3637 1079 3704 hoc
1092 3638 1230 3723 periculo
1245 3639 1285 3704 li-

120 3741 279 3808 herarnnt.

186 3843 428 3912 Octavadecima
440 3845 579 3910 haeresis
595 3843 764 3910 lCainiani.
793 3845 962 3930 Propterea
976 3846 1022 3910 sie
1036 3843 1186 3930 appellati
1201 3850 1286 3928 sunt,
1303 3861 1354 3912 cnr·
1367 3861 1446 3902 xvm·

172 4031 236 4102 Cap.
248 4031 318 4086 xvi.
332 4061 364 4072 -
378 4032 399 4087 l.
412 4031 549 4086 Eustasius
561 4031 615 4085 MS.
628 4032 696 4098 Arq.
709 4029 865 4085 Eustochiae
877 4031 955 4084 habet
968 4034 1045 4084 etiam
1058 4031 1284 4085 rodmaDaaeas.

121 4101 145 4153 2.
160 4099 352 4152 Emeritensium
361 4111 437 4170 parc:
450 4101 612 4164 Theodorus,
624 4097 702 4170 hique
715 4099 831 4152 omnium
842 4129 871 4139 --
884 4105 1021 4152 exorantes
1032 4104 1112 4152 testes
1125 4117 1185 4154 enm
1197 4101 1285 4153 audire

120 4169 298 4233 decreverunt,
311 4179 367 4221 cett.
378 4169 440 4224 Ced.
452 4188 496 4221 mc.
510 4171 636 4221 Druensis
647 4188 676 4218 ro
731 4173 845 4220 'rctccm
857 4172 940 4222 editis.
979 4167 1062 4222 ain·
1101 4169 1284 4222 euloSirraoa-

120 4241 170 4290 elus
181 4241 307 4292 ediderat.
388 4239 438 4292 he
458 4187 752 4306 ἰεοοΡοῐῑιωΜᾶἝς.
772 4267 806 4275 -
827 4235 923 4304 Sprecdi
938 4236 1083 4288 hur'eeSe'ca
1094 4242 1285 4288 nernems'aitr'a

119 4325 169 4358 suc
179 4306 257 4360 Nova
264 4307 414 4360 Collecticae
420 4255 588 4358 Charile'crum
595 4303 717 4356 Baliarica
724 4307 761 4358 ad
770 4323 863 4356 aronam
870 4303 945 4356 CXX
951 4303 980 4359 V.
987 4311 999 4368 (
1000 4315 1055 4357 tem.
1063 4305 1087 4356 Ι.
1093 4305 1189 4358 Ueneti.
1191 4325 1220 4375 p.
1226 4305 1284 4360 555.

120 4377 160 4428 cd.
181 4373 341 4440 Vsa-Labi.)
357 4379 534 4428 auctoritatem
550 4376 685 4442 campteras
696 4377 778 4426 nestri
789 4384 895 4428 secutur.
928 4373 986 4434 Qua
999 4376 1030 4426 de
1041 4391 1070 4426 re
1082 4373 1217 4426 Pouraem'i
1229 4393 1284 4426 cea·

120 4464 185 4496 aare
199 4446 350 4496 comitanda
361 4447 389 4494 ia
401 4447 454 4495 edis
465 4444 531 4524 Oppi.
545 4442 631 4496 Posth.
642 4459 669 4511 p.
682 4439 740 4494 231.
758 4441 845 4510 {Galli

174 4513 238 4582 Cap.
250 4511 344 4566 xvssl.
361 4541 393 4552 —
417 4511 541 4565 l.Ca1aui
558 4511 632 4564 MSS.
649 4511 718 4564 Rem.
733 4520 757 4562 et
768 4511 835 4578 Aap.
854 4513 890 4564 At
905 4513 961 4564 ced.
973 4529 1018 4564 nes.
1037 4511 1165 4564 murrensis
1178 4513 1287 4582 praebet

122 4581 207 4636 Caini.
