3120 4994
520 267 908 318 nsassassssuemasauus
1228 272 1290 338 bii

131 429 295 518 voluptate
317 432 453 518 corporis
475 431 683 512 constituunt,
702 429 840 494 animam
861 428 940 494 nihil
962 425 1047 494 alind
1069 447 1163 513 qnam
1177 447 1289 517 corpus

133 555 205 598 ease
221 533 344 617 dicunt,
362 533 514 600 muudum
533 553 595 599 non
612 533 702 600 adeo
717 534 796 617 regi,
813 531 869 598 sed
884 551 922 598 ex
938 533 1060 614 atomis,
1074 531 1157 596 unde
1173 530 1288 618 produ·

134 643 222 702 ctum
238 636 355 702 dicunt.

200 739 480 826 Gymnosophistae
500 739 577 805 nudi
596 743 630 804 in
650 739 781 804 desertis
803 739 928 804 ¹Indiae
948 736 1216 826 philosophantur,
1230 757 1290 822 pu·
1308 750 1359 802 ⁰⁸12·
1374 751 1419 792 xv·

134 843 240 907 denda
258 848 380 910 tantum
401 847 577 928 contegunt.
614 843 655 907 Hi
675 863 708 908 aa
727 843 885 927 inignem
904 841 1072 930 proiiciunt
1091 861 1196 906 amore
1211 839 1289 905 alte-

134 947 200 1012 n'us
214 947 307 1010 uitae.

199 1047 349 1127 ¹Quidam
363 1047 540 1135 philosophi
555 1047 701 1114 dixerunt
713 1046 958 1114 huncmundum
970 1069 1039 1114 esse
1051 1047 1155 1129 deum,
1168 1052 1205 1110 nt
1214 1045 1290 1112 Dio·
1309 1059 1360 1111 0¹1³·
1373 1059 1429 1100 m

134 1151 259 1235 nysius:
275 1151 402 1236 quidam
415 1157 553 1216 mentem
568 1151 712 1217 ὀιιοιιιιιι
725 1151 834 1234 deum,
853 1157 889 1216 ιιι
908 1150 1022 1216 Thales
1041 1149 1197 1216 Milesius:
1221 1147 1290 1232 qui-

134 1254 209 1318 dam
223 1254 363 1319 culmum
377 1253 428 1318 ²in
449 1255 593 1320 omnibus
607 1260 788 1320 manantem
807 1259 839 1318 et
858 1253 1012 1335 lucidum,
1031 1257 1066 1317 ιιι
1083 1252 1290 1336 Pythagoras:

133 1356 264 1441 quidum
279 1360 347 1422 sine
362 1364 502 1444 tempore
518 1357 822 1440 incommutabilem,
842 1361 877 1420 ut
890 1355 993 1422 Plato:
1014 1355 1141 1440 quidam
1157 1353 1290 1420 solutam

132 1465 274 1526 mentem
289 1467 324 1524 ut
338 1460 460 1526 Ciceros
476 1459 603 1544 quidam
618 1460 762 1545 spiritum
777 1466 809 1524 et
823 1464 970 1541 mentem,
984 1465 1020 1524 ut
1032 1458 1129 1524 Maro.

199 1561 297 1626 ¹Item
311 1561 365 1626 alli
379 1561 566 1647 philosophi,
580 1567 615 1626 ιιι
628 1561 792 1643 Platonici,
807 1561 959 1627 mundum
974 1561 1132 1626 affirmant
1144 1562 1289 1645 incorpo·
1308 1571 1359 1624 esc·
1371 1572 1439 1614 ffl-

132 1664 249 1748 ralem,
269 1664 365 1730 Stoici
381 1664 587 1749 corporalem,
607 1665 759 1752 Epicurus
775 1685 813 1730 ex
828 1666 955 1747 atomis,
973 1663 1163 1748 Pythagorae
1178 1682 1216 1726 ex
1231 1682 1289 1726 nu·

132 1770 241 1852 maris,
256 1765 432 1833 Heraclitus
447 1787 485 1832 ex
499 1769 580 1852 igne.

198 1975 236 2039 ln
250 1973 382 2038 ecclesia
396 1973 521 2036 fuerunt
534 1971 568 2036 hi
582 1972 746 2038 haeretici:

161 2097 166 2108 ’
198 2075 369 2141 Simoniaci
389 2075 549 2140 aSimcne
570 2095 660 2158 mago
681 2075 772 2156 dicti,
787 2075 848 2159 ‘qui
868 2077 1003 2162 pecunia
1021 2077 1155 2140 tentavit
1174 2073 1291 2140 donum
1309 2087 1359 2139 ean
1373 2085 1452 2128 svm.

133 2181 264 2266 spiritua
280 2180 381 2242 sancti
396 2178 435 2242 ab
451 2177 598 2262 apostolia
614 2197 801 2263 comparare.
824 2178 866 2242 lli
881 2177 991 2242 dicunt
1006 2183 1179 2242 creaturam
1194 2198 1292 2243 nona

132 2281 204 2362 deo,
220 2279 275 2346 sed
290 2301 309 2345 a
323 2280 457 2366 quadam
471 2300 605 2366 superna
618 2280 732 2344 virtute
744 2285 889 2346 creatam.
913 2278 1030 2344 Omnes
1041 2282 1095 2364 qui
1106 2285 1214 2346 emunt
1226 2283 1290 2366 spi·

132 2383 275 2465 ritualia,
295 2388 369 2448 eunt
384 2383 571 2465 Simoniani,
593 2403 664 2448 oum
679 2382 804 2448 Simone
821 2382 1005 2448 damnandi:
1027 2383 1080 2468 qui
1095 2388 1200 2448 autem
1213 2403 1290 2448 ven·

132 2487 216 2552 dunt
230 2491 304 2550 sunt
319 2486 471 2566 Gieaitae,
486 2506 557 2550 cum
572 2485 780 2552 1ιἰἰιιιιιειιο
795 2486 933 2552 Helisaei
947 2485 1151 2571 reprobandi,
1171 2489 1224 2570 qui
1239 2507 1290 2550 ss-

131 2588 233 2654 lntem
247 2587 400 2670 vendidit,
415 2609 508 2672 quam
522 2588 685 2653 Helisaeus
699 2589 795 2671 gratIs
809 2588 904 2670 dedit,
919 2593 951 2652 at
964 2587 1035 2654 ideo
1050 2587 1139 2674 lepra
1151 2587 1292 2654 Naaman

133 2693 165 2758 ei
180 2691 331 2756 adhaesit.

197 2793 414 2862 Menandriani
429 2815 448 2858 a
461 2793 631 2860 Menandro
646 2793 798 2882 discipulo
814 2792 951 2860 Simonis
966 2793 1052 2860 dicti.
1084 2793 1125 2860 Ili
1140 2793 1292 2860 muudum
1309 2805 1360 2858 σει·
1373 2805 1428 2847 ¹11

132 3017 197 3070 sint.
216 3015 344 3068 deserunt
355 3019 442 3068 sutem
454 3015 531 3069 deum
542 3015 606 3070 nihil
617 3031 705 3085 agere,
716 3017 805 3070 omnia
815 3019 934 3070 constare
945 3015 1110 3086 corporibus,
1127 3015 1242 3070 animam
1254 3015 1292 3070 ni·

132 3083 170 3137 hil
183 3084 253 3138 eliud
265 3101 322 3137 esse
335 3101 414 3154 quam
425 3101 526 3156 corpus.
544 3083 616 3138 Unde
629 3089 655 3137 et
666 3084 739 3150 dixit,
751 3084 810 3138 Non
821 3102 865 3138 ero
877 3091 1014 3155 postquam
1025 3090 1143 3138 mortuus
1154 3084 1253 3138 fuero.''

203 3168 264 3250 Gap.
275 3169 333 3224 XV.
346 3200 379 3209 -
400 3170 421 3224 l.
439 3169 482 3222 Ita
494 3174 620 3239 rescripsi
631 3189 681 3239 pro
694 3189 721 3223 eo
738 3173 804 3239 qaod
814 3172 887 3238 aalys
899 3179 969 3222 extat
983 3171 1010 3222 in
1022 3169 1062 3222 die
1077 3168 1294 3241 philosophantur

133 3246 192 3290 cett.
210 3237 300 3292 laudor.
313 3237 401 3307 Origg.
415 3228 480 3302 VIII,
493 3237 518 3302 6,
533 3237 571 3292 l'l.
591 3236 841 3309 ,Gymnosophistae
853 3237 916 3291 nudi
930 3253 976 3308 per
994 3253 1087 3308 opacas
1099 3238 1188 3292 indiae
1204 3237 1293 3292 solitu·

132 3307 208 3358 dines
219 3304 385 3376 perhibentur
387 3304 579 3426 dphilosophari,
590 3304 741 3360 adhibentes
753 3313 853 3360 tantum
862 3307 1019 3376 genitalibus
1031 3307 1154 3376 agmina
1179 3305 1293 3375 Gymna-

132 3375 205 3426 sium
217 3374 285 3427 enirn
298 3391 332 3426 ax
344 3391 374 3427 eo
414 3381 484 3426 otum
496 3381 546 3438 est,
564 3373 633 3444 quod
644 3375 750 3426 iuvenes
762 3375 824 3428 nudi
836 3379 1016 3427 exercerentur
1028 3375 1055 3426 in
1067 3391 1171 3446 campo,
1189 3376 1234 3428 ubi
1246 3392 1293 3446 pu·

133 3441 220 3494 denda
231 3443 289 3494 sola
300 3447 402 3495 tantum
414 3459 442 3494 ae
455 3443 580 3524 operiunt.
610 3443 643 3495 lli
654 3449 680 3494 et
691 3458 707 3494 a
718 3443 865 3511 generando
878 3457 906 3494 se
919 3441 1063 3496 cobibent''

203 3509 265 3592 Cap.
277 3511 347 3565 XVI.
360 3539 393 3548 —
412 3511 433 3563 l.
452 3511 540 3564 laudor.
553 3509 642 3582 Origg.
655 3510 723 3575 VIII,
735 3511 759 3575 6,
773 3510 811 3564 18.
836 3509 977 3580 ,Theolcgi
988 3516 1075 3564 autem
1085 3510 1163 3564 iidem
1176 3517 1237 3566 sunt
1248 3513 1293 3582 qui

133 3585 161 3631 et
177 3577 287 3648 physici.
317 3579 386 3632 Dioti
402 3585 488 3632 autem
506 3577 620 3660 theologi
655 3579 759 3635 uoniam
779 3579 806 3631 in
823 3579 955 3650 scripturis
973 3579 1027 3631 suis
1050 3577 1081 3630 de
1099 3577 1146 3631 deo
1163 3579 1292 3633 dixerunt.

133 3647 251 3710 Quorum
260 3647 332 3700 raris
341 3653 467 3700 constabo
486 3647 547 3712 inio,
559 3647 621 3728 prud
633 3596 695 3699 deus
708 3652 778 3699 esset
788 3647 850 3700 dum
859 3653 1019 3716 quaererent
1036 3645 1147 3710 Quidam
1158 3648 1228 3700 enim
1239 3665 1293 3701 cor·

132 3731 214 3786 pcreo
227 3731 306 3768 sensu
317 3714 386 3768 hunc
402 3663 528 3768 munium
543 3716 671 3768 visibilem
689 3731 721 3768 ex
735 3722 844 3784 quatuor
860 3716 993 3768 elementis
1006 3716 1083 3768 deum
1095 3732 1153 3768 esse
1165 3716 1293 3780 dirarum

133 3790 164 3838 ut
175 3783 243 3836 Dion
263 3783 316 3836 sius
329 3783 439 3836 Stoicus.
459 3785 511 3836 Alii
522 3801 581 3837 vero
595 3783 762 3866 spiritualiter
773 3785 956 3836 intellexerunt
967 3789 1082 3836 mentem
1093 3801 1150 3836 esse
1162 3784 1247 3848 deum,
1264 3791 1294 3837 ιιι

132 3851 230 3905 Thales
270 3851 366 3904 'eslus
392 3851 500 3915 Quidam
513 3857 562 3904 ets
580 3852 837 3916 intumetmentem,
855 3851 977 3905 uthlaro.
1005 3851 1043 3904 19.
1055 3851 1165 3916 Quidam
1177 3853 1294 3906 animum

132 3922 163 3974 in
175 3921 296 3974 omnibus
307 3926 455 3974 manantem
468 3925 494 3974 et
504 3869 626 3986 ruoilum,
638 3926 667 3974 ut
676 3920 852 3990 Pythagoraa:
864 3921 969 3990 quidam
978 3921 1054 3974 deum
1065 3921 1122 3974 aine
1129 3927 1245 3991 tempere
1254 3923 1293 3976 ln·

133 3989 360 4052 commutabilem,
377 3993 407 4041 ut
420 3987 506 4041 Plato:
524 3989 630 4058 quidam
641 3989 718 4042 deum
729 3995 843 4042 mentem
855 3989 976 4053 solutam,
989 3993 1017 4042 ut
1029 3989 1126 4044 Cicero.
1155 3989 1294 4044 Inventum

133 4058 205 4110 enirn
218 4056 381 4110 solummodo
394 4057 478 4121 deum,
490 4073 543 4110 non
554 4061 584 4110 ut
594 4057 749 4110 invenerunt
760 4061 948 4128 exposuerunt,
966 4057 1028 4138 quia
1040 4063 1200 4111 evanuerunt
1211 4059 1238 4111 in
1250 4075 1293 4111 cc-

156 4125 380 4246 ’tutiorpihussuia
407 4125 905 4196 Dicenteaenlmeasesapieutesstulti
916 4125 1075 4180 noceant.”
1135 4126 1159 4179 E.
1177 4125 1293 4195 Vatqoiu

154 4193 235 4247 omini
254 4211 285 4246 us
297 4199 453 4246 manentem.

170 4277 233 4349 Gap.
246 4277 328 4332 XVII.
341 4309 374 4318 -
389 4279 410 4330 i.
421 4277 511 4334 Isidor.
524 4279 614 4350 Origg.
627 4277 693 4344 VIII,
706 4279 730 4344 6,
743 4279 784 4334 20.
804 4278 884 4345 ,Item
894 4279 1021 4333 Platonici
1037 4279 1142 4350 quidem
1159 4279 1237 4333 deum
1249 4297 1292 4334 cu·

133 4353 248 4402 satorem
259 4353 285 4400 et
295 4347 421 4400 arhitmm
433 4352 458 4400 at
469 4347 580 4402 indicem
592 4353 720 4412 asserunt,
732 4347 852 4418 Epicurei
864 4343 976 4402 otiosum
988 4353 1014 4401 et
1025 4349 1231 4406 inexercitatum.
1253 4349 1292 4404 De

133 4415 234 4472 mundo
246 4419 341 4484 antem,
353 4416 478 4470 Platonici
488 4415 619 4470 affirmant
630 4417 825 4487 incorporalem,
837 4417 883 4470 sed
892 4416 974 4474 Stoici
986 4418 1155 4492 corporalem,
1165 4417 1291 4490 Epicurus

133 4501 171 4540 ax
182 4485 285 4548 atomis,
296 4481 457 4606 Phthagoras
469 4499 503 4536 ax
515 4485 638 4549 numeris,
649 4483 777 4540 Eraclitus
789 4502 823 4539 ex
834 4485 922 4555 iguc.'’

178 4551 249 4622 Sep.
262 4552 311 4606 XV
337 4551 356 4606 l.
369 4583 402 4594 -
415 4552 437 4607 l.
448 4551 480 4605 ΙΙ.
491 4552 556 4625 Reg.
569 4553 601 4620 ll,
612 4553 638 4610 5.
