3120 4994
309 259 372 324 320
434 297 438 310 ,
727 277 728 282 1
843 261 928 302 raom

309 434 366 500 per
380 413 497 500 scripta
507 414 689 500 Hieronymi
704 421 737 481 et
750 415 917 500 Augustini
928 420 1004 483 eatis
1015 417 1200 502 abundeque
1212 417 1395 482 confirmata
1405 421 1456 498 est,

310 516 436 600 qnidam
458 517 599 583 infelices
622 539 661 582 ex
683 517 732 583 hie
753 519 920 584 medicinis
936 520 1093 586 infirmari
1114 527 1283 606 coeperunt
1304 525 1337 583 et
1358 525 1460 584 contra

311 619 466 684 orationes
481 627 513 684 et
528 621 611 686 bona
625 642 719 706 opera
734 621 946 707 disputantes,
961 623 1036 691 dum
1051 623 1145 688 nimie
1160 622 1277 688 nudam
1291 622 1460 708 praedesti-

309 724 467 788 nationem
481 725 689 790 irreverenter
702 723 897 810 praedicant,
916 726 1199 791 Praedestinatiani
1218 731 1292 792 sunt
1306 725 1461 812 appellati.

172 855 223 908 Coa·
236 855 291 896 HV·
370 844 547 909 Nestorisni
562 843 738 909 aNestorio
754 844 1098 931 Constantinopolitano
1114 846 1259 932 episcopo
1279 848 1464 931 nuncupati,

309 949 363 1032 qni
376 948 502 1013 beatum
516 945 669 1030 virginem
683 967 746 1012 non
762 945 823 1029 dei,
838 947 894 1012 sed
908 946 1054 1031 hominis,
1069 951 1203 1013 asseruit
1216 951 1418 1031 genitricem,
1432 955 1466 1012 ut

309 1050 402 1114 eliam
416 1069 582 1135 persenam
597 1049 711 1132 carnis,
725 1048 820 1114 aliam
833 1049 950 1114 laceret
962 1051 1095 1116 deitatis.
1117 1050 1182 1115 Nec
1197 1071 1294 1116 unum
1307 1051 1465 1115 Christum

307 1155 341 1216 in
355 1153 450 1218 verbo
466 1151 517 1217 dei
532 1151 673 1234 credidit,
689 1151 745 1216 sed
759 1152 927 1238 separatim
938 1159 1031 1237 atque
1042 1155 1209 1218 seiunctim
1220 1153 1354 1218 alteram
1366 1151 1463 1218 lilium

309 1255 370 1337 dei,
385 1252 519 1320 alterum
532 1253 668 1320 hominis
683 1255 886 1340 praedicavit
909 1255 1023 1320 Contra
1033 1255 1116 1320 hunc
1132 1256 1339 1341 ¹scripseraut
1351 1259 1463 1320 etuni-

307 1356 427 1422 versale
453 1357 620 1422 concilium
646 1355 840 1444 Ephesinum
862 1357 1053 1442 collegamnt
1074 1358 1267 1424 Caelestinus
1289 1359 1410 1425 Romae
1435 1363 1465 1422 gy

277 1492 282 1501 ·
308 1458 441 1545 Cyrillm
455 1460 597 1546 pontifex
610 1459 827 1525 Alexandriae

183 1593 233 1646 co
245 1591 290 1636 LV·
370 1579 573 1664 ¹llutychiani
593 1579 669 1646 dicti
691 1579 730 1644 ab
745 1579 884 1664 Eutyche
900 1579 1242 1667 Constantinopolitano
1263 1579 1393 1664 abbate,
1412 1582 1464 1665 qui

306 1683 511 1750 Nestorianos
527 1683 679 1766 corrigere
694 1681 802 1747 volens
818 1683 975 1748 Christum
994 1689 1065 1768 post
1085 1683 1253 1748 humanam
1274 1687 1462 1770 assumptio-

307 1806 380 1852 nem
394 1787 520 1870 negavit
534 1787 666 1850 existere
679 1784 798 1850 duabus
810 1785 941 1868 naturis,
957 1785 1012 1850 sed
1023 1785 1120 1851 solam
1131 1787 1165 1850 in
1177 1807 1213 1851 eo
1225 1785 1366 1851 divinam
1377 1807 1461 1850 asse·

306 1891 369 1955 ruit
383 1909 452 1954 esse
467 1895 620 1954 naturam.
649 1887 763 1953 Contra
776 1887 860 1952 hunc
875 1909 959 1974 papa
972 1887 1034 1952 Leo
1049 1889 1178 1972 Magnus
1194 1889 1311 1974 scripta
1324 1889 1461 1974 promul·

306 1993 390 2075 gavit
413 1997 445 2055 et
466 1989 620 2075 synodum
644 1989 853 2056 universalem
879 1989 963 2078 apud
988 1991 1218 2057 Chalcedonam
1244 1997 1461 2058 sexcentorum

304 2093 389 2159 XXX
402 2099 527 2180 patrum
542 2093 749 2177 congregavit.

168 2211 286 2262 ⁰³1⁸*ss
368 2213 533 2300 Aoephali,
552 2215 647 2278 trium
667 2211 967 2278 chalcedonensium
992 2213 1199 2299 capitulorum
1218 2216 1461 2300 impugnatores,

305 2315 437 2382 duomm
450 2319 484 2380 in
500 2315 622 2381 Christo
638 2315 884 2381 substantiarum
898 2319 1120 2402 proprietatem
1134 2323 1260 2400 negant,
1276 2323 1308 2380 et
1321 2337 1419 2382 unam
1429 2319 1461 2380 in

304 2422 370 2484 eius
390 2439 525 2505 persona
543 2424 686 2482 naturam
700 2417 893 2502 praedicant.
921 2417 1035 2484 Contra
1048 2419 1105 2486 hos
1120 2419 1208 2484 misit
1222 2419 1388 2506 epistolam
1402 2421 1460 2486 Pe·

26 2497 27 2586 l
303 2522 502 2608 lagiuspapa,
518 2521 627 2606 ¹qnam
635 2519 883 2585 dictavitbentus
893 2521 1068 2605 Gregoriue,
1080 2542 1241 2587 successor
1249 2523 1316 2586 eius
1328 2523 1459 2587 iuturus.

156 2657 205 2708 coa
219 2657 285 2698 ΝΗ.
367 2641 576 2708 Theodosiani
596 2645 628 2704 et
649 2639 830 2706 ¹Gaianitae
852 2639 1002 2728 appellati
1024 2663 1043 2706 a
1064 2639 1237 2707 Theodosio
1260 2648 1292 2706 et
1312 2639 1461 2726 ²Gaiauo‚

304 2747 358 2830 qui
371 2744 563 2832 temporibus
583 2743 749 2808 Iustiniani
767 2742 919 2830 principis
939 2745 972 2808 in
987 2743 1178 2808 Alexandria
1197 2741 1304 2830 populi
1322 2745 1462 2828 perversi

305 2847 455 2914 electione
476 2867 538 2913 nno
560 2845 610 2910 die
631 2851 704 2910 sunt
725 2845 859 2910 ordinati
874 2843 1022 2932 episcopi.
1059 2845 1099 2910 Hi
1115 2867 1233 2912 errores
1249 2845 1416 2930 ³Eutychis
1431 2852 1462 2910 et

302 2949 445 3016 Dioscori
460 2953 628 3033 sequentes
644 2945 897 3013 Chalcedonense
913 2947 1079 3014 concilium
1094 2955 1260 3034 respuunt,
1280 2968 1318 3012 es
1339 2947 1460 3014 duabus

304 3053 423 3116 naturis
442 3072 537 3116 uuam
556 3051 591 3115 in
605 3048 728 3116 Christo
748 3055 907 3134 asserunt,
929 3071 1023 3134 quam
1042 3049 1250 3116 Theodosiani
1271 3056 1460 3136 comptam,

305 3154 466 3220 Gaianitae
480 3155 693 3238 incorruptam
708 3151 909 3218 contendunt.
1018 3230 1019 3238 ἵ

144 3275 194 3324 cap.
208 3275 286 3315 nv111.
367 3255 536 3340 ¹Agnoitee
552 3261 584 3318 et
598 3253 770 3319 Tritheitae
784 3275 804 3319 e
818 3253 1043 3320 Theodosianis
1060 3258 1157 3322 exorti
1172 3261 1255 3320 sunt.
1284 3253 1330 3320 Ex
1345 3249 1459 3338 quibus

303 3360 455 3444 Agnoitae
471 3359 509 3424 ab
526 3355 699 3442 ignorantia
714 3355 801 3438 dicti,
816 3359 888 3442 quia
902 3357 1100 3444 perversitati
1114 3379 1133 3422 a
1148 3378 1210 3442 qua
1224 3359 1322 3423 exorti
1338 3359 1460 3424 suntid
1533 3411 1534 3426 .

303 3461 468 3544 adiiciunt,
489 3461 572 3546 quod
592 3459 738 3525 divinitae
762 3458 876 3524 Christi
896 3459 1019 3544 ignoret
1037 3461 1141 3526 lutura
1161 3480 1239 3544 quae
1255 3465 1329 3524 sunt
1343 3463 1460 3547 scripta

304 3563 342 3630 de
366 3564 415 3630 die
438 3569 470 3628 et
493 3563 571 3630 hora
591 3563 776 3644 novissima,
798 3582 861 3628 non
883 3563 1081 3628 recordantes
1102 3562 1217 3628 Christi
1239 3583 1405 3648 personam
1425 3564 1458 3630 ia

303 3665 395 3732 Esaia
408 3665 576 3751 loquentis,
590 3663 664 3729 Dies
679 3663 835 3728 iudiciiin
850 3663 943 3730 corde
957 3687 1037 3730 meo.
1066 3663 1254 3730 ²Tritheitae
1269 3685 1342 3730 vero
1357 3669 1457 3731 vocati

303 3769 386 3854 quod
401 3771 483 3834 sicut
496 3774 562 3834 tros
576 3787 727 3853 personas
741 3768 774 3832 in
789 3766 939 3850 trinitate,
953 3769 998 3832 ita
1012 3787 1133 3852 quoque
1148 3773 1211 3832 tres
1227 3767 1300 3832 deoe
1315 3773 1458 3833 astrumt

304 3891 388 3955 esse,
409 3877 517 3937 contra
536 3869 614 3936 illud
634 3868 716 3953 quod
731 3871 883 3955 scriptum
904 3875 968 3954 est,
987 3869 1068 3936 Audi
1083 3869 1195 3953 lsratl,
1216 3869 1360 3935 dominus
1381 3869 1455 3936 deus
1533 3909 1534 3912 =

302 3993 384 4040 unus
399 3979 456 4038 est
683 4013 686 4025 ι

169 4079 219 4129 ⁰⁸⁹·
233 4075 284 4122 ¹⁴¹¹·
365 4077 392 4144 A
408 4075 570 4142 Theodoro
585 4075 804 4164 Mopsuesteno
819 4078 976 4164 episcopo,
992 4077 1044 4162 qni
1057 4074 1181 4142 dicebat
1192 4075 1316 4141 beatam
1327 4075 1453 4143 hieriam

367 4261 429 4334 Cep.
440 4261 504 4318 LIV.
516 4293 549 4304 -
569 4263 742 4334 Lacripaerat
753 4266 826 4316 codd.

368 4331 430 4402 Cap.
441 4331 493 4386 LV.
505 4359 539 4372 -
558 4331 581 4386 1.
596 4331 724 4386 liuticiaui
735 4331 797 4386 dicti
808 4331 841 4386 ab
853 4329 937 4388 eutice
948 4332 1021 4386 cedd.

369 4397 553 4470 capara-
572 4399 742 4470 homodei.

369 4468 431 4538 Cap.
442 4467 518 4521 LVH.
530 4497 563 4508 -
582 4468 604 4520 l.
616 4469 756 4538 guyonitaa
768 4471 841 4524 codd.
894 4468 918 4522 2.
930 4485 1033 4540 gayono
1046 4470 1118 4524 codd.
1169 4467 1194 4521 3.
1205 4467 1329 4539 eutycetis
1341 4470 1413 4524 codd.

370 4535 431 4605 Cap.
443 4535 530 4590 LVIII.
543 4563 576 4576 -
595 4535 617 4590 l.
628 4535 768 4607 Agnonyte
779 4543 806 4591 et
816 4536 930 4592 aiothite
943 4540 1015 4592 codd.
1065 4538 1091 4590 2.
1102 4536 1210 4593 Triotitc
1221 4539 1293 4592 codd.
