3100 4980
295 285 357 352 354
700 285 839 328 ermion
853 287 1042 328 uassmmnsre

294 441 352 506 scol
366 439 502 506 motibus
517 461 569 504 eas
586 444 723 526 corporis
743 441 782 506 ab
798 441 852 508 illo
873 449 907 506 et
920 443 1121 509 affectionum
1139 443 1266 509 indiciis
1282 443 1385 526 colligi
1401 463 1453 507 ex·

293 547 466 630 perimento
489 543 680 608 didicimus.
709 543 836 610 Secreta
860 551 965 610 autem
991 545 1092 611 cordis
1114 545 1199 612 solus
1224 546 1276 612 ille
1303 549 1393 612 novit
1416 545 1454 610 ad

295 667 387 732 quern
403 647 527 728 (lieltur,
541 646 551 684 ¹
563 645 613 711 To
626 647 710 710 colna
725 650 809 711 noeti
823 650 1072 733 cordcfilioram
1086 649 1251 714 bominum.

139 773 168 815 c·
202 772 276 813 xnrx.
356 751 425 816 Non
440 770 549 814 omnes
563 749 663 814 malae
680 753 882 832 cogitationes
893 757 1019 816 nostrae
1037 771 1161 836 semper
1172 750 1288 816 diaboli
1304 753 1454 816 instinctu

91 825 149 878 ‘⁰⁸⁹'
181 823 275 874 m)
294 856 481 935 excitantur,
496 852 552 916 sed
566 851 752 936 aliquotiens
767 873 806 916 ex
817 853 917 918 nostri
927 853 1049 918 arbitrii
1059 859 1146 918 motu
1158 861 1330 937 emergunt
1353 853 1454 920 Bonae

294 962 399 1021 autem
414 957 616 1038 cogitationes
632 975 755 1040 semper
769 977 789 1019 a
803 953 860 1020 deo
876 963 958 1022 sunt.

189 1082 239 1132 esp.
252 1080 277 1120 n.
356 1058 531 1123 Daemones
542 1079 598 1144 per
609 1058 779 1140 ¹energiam
789 1079 853 1123 non
864 1059 1020 1124 oredimus
1032 1058 1278 1125 substantialiter
1289 1057 1379 1124 illabi
1389 1061 1453 1124 aui·

79 1135 137 1188 ‘⁰⁸⁹'
151 1131 276 1184 ΜΗ)
293 1183 373 1244 mae,
389 1161 445 1226 sed
459 1160 684 1246 “applicatione
700 1167 732 1224 et
746 1165 947 1246 oppressione
962 1165 1055 1226 uniri.
1077 1162 1167 1227 illabi
1182 1169 1288 1226 antem
1301 1165 1403 1226 menti
1413 1159 1453 1224 illi

295 1265 353 1330 soli
368 1263 516 1350 possibile
529 1269 577 1328 est
592 1265 644 1347 qni
660 1263 787 1345 creauit,
804 1267 858 1348 qui
869 1271 980 1330 natura
991 1266 1166 1330 subsistens
1184 1267 1388 1350 incorporeus
1406 1285 1452 1328 ca-

295 1367 409 1454 pabilis
424 1373 473 1431 est
487 1387 560 1430 suae
576 1367 723 1430 iacturae.

179 1495 230 1546 cap.
242 1493 277 1533 nr.
358 1469 453 1552 Signa
464 1475 496 1532 et
506 1467 647 1554 prodigia
658 1475 689 1534 ct
697 1471 847 1534 sanitates
860 1471 954 1534 etiam
967 1477 1144 1556 peccatores
1157 1473 1326 1536 innomine
1340 1470 1453 1534 domini

80 1547 139 1600 ‘⁰⁸¹²'
155 1543 278 1595 mm)
295 1575 396 1638 lacere
412 1572 534 1656 abipso
550 1571 608 1636 deo
625 1571 806 1636 didicimus:
824 1573 875 1636 ¹et
889 1593 961 1637 cum
974 1573 1052 1636 alios
1067 1573 1125 1637 hac
1140 1575 1395 1658 praesumptione
1410 1575 1451 1636 in·

295 1682 380 1758 vent,
395 1675 456 1740 sibi
470 1695 527 1760 per
541 1673 744 1739 ambitionem
759 1675 913 1739 hnmanae
928 1675 1043 1758 gloriae
1058 1682 1183 1756 nocent,
1199 1677 1273 1760 quia
1287 1675 1453 1758 gloriantur

295 1782 329 1844 in
345 1778 416 1843 dato
430 1777 519 1858 falso,
535 1775 587 1841 ²id
602 1783 727 1842 estnon
742 1779 862 1842 meritis
878 1777 993 1842 debito.

104 1951 120 1992 c
171 1899 200 1940 c·
216 1897 280 1990 'bn'
360 1881 464 1963 Signis
480 1886 512 1943 et
526 1879 675 1964 prodigiis
691 1881 808 1944 clarum
828 1901 920 1965 posse
935 1881 1003 1944 fieri
1018 1881 1245 1963 Christianum,
1266 1901 1330 1946 non
1354 1887 1451 1944 tamen

94 1953 103 2004 l
121 1961 153 2003 ’μ
264 1949 279 2000 ’)
297 1990 456 2064 sanctum,
478 1985 505 2046 si
520 1985 735 2067 intemperatis
751 1989 783 2046 et
797 1986 917 2068 asperis
933 1985 1088 2048 ¹m0ribus
1104 1990 1189 2066 agat,
1203 1986 1388 2068 temperatis
1402 2003 1452 2046 au·
1534 2025 1535 2028 κ

296 2095 361 2152 tem
373 2093 404 2150 et
418 2085 550 2171 placidis
564 2086 703 2150 moribus
715 2088 809 2149 etiam
820 2087 938 2170 absque
950 2088 1109 2170 signorum
1120 2087 1261 2151 efficacia
1272 2093 1304 2150 et
1315 2093 1453 2151 sanctum

298 2197 330 2254 et
344 2189 517 2274 perlectum
531 2195 564 2251 et
578 2188 628 2252 dei
643 2187 802 2253 bominem
817 2189 885 2252 fieri
899 2195 982 2252 recte
998 2188 1163 2254 oredimus.

163 2310 213 2362 cie.
226 2309 281 2350 um.
361 2291 471 2356 Nullus
494 2297 621 2355 sanctus
641 2297 673 2356 et
695 2293 795 2354 iustus
815 2297 902 2355 caret
920 2298 1062 2376 peccato,
1081 2311 1139 2355 neo
1154 2297 1258 2355 tamen
1274 2313 1314 2356 ex
1328 2291 1388 2356 boo
1403 2292 1454 2355 de·

83 2361 142 2414 lc*
158 2359 281 2412 mm)
300 2395 375 2460 siuit
390 2413 457 2458 esse
472 2395 573 2457 iustus
590 2395 639 2457 ¹et
653 2401 791 2474 sanctus,
807 2413 877 2458 oum
896 2393 1009 2458 ellectu
1024 2399 1131 2457 teneat
1145 2396 1352 2459 sanctitatem.
1389 2395 1455 2460 Non

299 2501 383 2563 enim
397 2496 538 2562 'naturae
552 2484 682 2576 viribon,
698 2495 753 2560 sed
768 2498 918 2581 propositi
933 2496 1113 2562 adiumento
1127 2517 1183 2582 per
1197 2496 1248 2560 dei
1258 2500 1391 2579 gruttam
1405 2518 1455 2560 ac·
1535 2482 1536 2510 ¹

300 2603 450 2686 quirimus
465 2601 674 2664 sanctitatem.
710 2598 750 2663 Et
764 2598 833 2663 ideo
853 2601 1005 2664 veraciter
1025 2619 1058 2663 se
1073 2619 1181 2664 omnes
1196 2602 1299 2664 sancti
1320 2619 1456 2685 pronun·

299 2707 381 2768 tiant
405 2709 597 2788 peccatores,
623 2703 696 2786 quia
720 2703 753 2766 in
778 2704 909 2766 veritate
935 2701 1052 2766 babent
1077 2701 1160 2786 quod
1184 2702 1350 2787 plangant,
1375 2707 1408 2765 et
1430 2704 1456 2764 si

299 2828 363 2872 non
384 2806 622 2892 reprehensione
638 2805 861 2886 conscientiae,
884 2811 966 2869 certe
986 2804 1160 2871 mobilitate
1175 2804 1456 2890 ³praevaricatricis

299 2915 436 2974 naturae.

86 3081 138 3134 (ω
152 3029 283 3124 niil'xffl'
362 3009 493 3091 Pascha,
508 3009 541 3074 id
556 3017 604 3075 est
618 3009 792 3076 dominicae
808 3012 1044 3076 resurrectionis
1060 3009 1252 3092 solemnitas,
1266 3017 1339 3075 ante
1353 3017 1457 3075 trans·

228 3080 282 3132 m)
301 3133 442 3197 gressum
456 3112 590 3178 vernalis
612 3113 800 3196 aequinoctii
821 3119 853 3176 et
873 3113 1159 3196 ¹quartaedecimae
1179 3113 1270 3178 lunae
1291 3115 1456 3200 perlectio-

301 3237 374 3282 nem
388 3237 451 3281 non
465 3221 569 3300 potest
584 3215 744 3296 celebrari,
758 3214 888 3280 ²eodem
902 3223 1007 3280 tamen
1022 3235 1130 3280 mense
1146 3222 1247 3280 name.

177 3338 228 3390 esp.
241 3338 284 3378 nv.
303 3302 305 3310 ¹
364 3319 493 3404 Propter
508 3317 645 3382 novellos
660 3317 861 3400 legislatores,
884 3320 936 3401 qni
951 3317 1021 3384 ideo
1036 3321 1174 3383 animam
1186 3325 1310 3384 tantum
1326 3319 1365 3384 ad
1380 3321 1456 3383 ima-

85 3389 286 3442 ‘V'J‘mvm'
303 3424 407 3506 ginem
421 3420 472 3486 dei
488 3427 625 3484 creatam
640 3419 757 3502 dicunt,
773 3427 807 3483 nt
821 3421 894 3503 quia
908 3419 984 3485 deus
999 3423 1198 3506 incorporeus
1212 3427 1298 3486 recte
1313 3421 1458 3498 creditur,

303 3527 398 3589 etiam
411 3527 593 3608 incorporea
607 3523 712 3586 anima
726 3543 794 3586 esse
810 3521 963 3604 credatur,
978 3522 1075 3588 libere
1093 3525 1278 3589 confitemur
1291 3524 1457 3608 imaginem

303 3631 335 3692 in
350 3629 542 3708 aeternitate,
557 3623 793 3690 similitudinem
807 3627 840 3690 in
855 3625 992 3692 moribus
1007 3625 1163 3691 ¹inveniri.

370 3797 433 3866 Gap.
447 3794 561 3848 XLVIII.
574 3825 606 3834 -
625 3794 647 3846 l.
659 3793 694 3846 llI
707 3794 743 3846 Ite
765 3833 771 3846 .
784 3794 848 3859 VIII,
861 3795 902 3848 40.

370 3863 433 3935 (lap.
445 3863 473 3918 L.
486 3891 518 3902 -
538 3863 560 3914 l.
576 3863 709 3932 energiam
752 3862 797 3914 SS.
816 3863 1042 3916 Benedictiaorum.
1060 3861 1177 3934 ἐνέργειαν
1195 3865 1275 3917 edidit
1294 3863 1409 3918 Elmeal.
1428 3866 1458 3916 de

305 3937 421 3988 auctorit.
439 3933 493 3986 cod.
512 3931 622 3984 Floreat.
639 3932 787 4000 energicam
804 3932 978 4001 operationem
996 3933 1124 4000 vulgatam
1142 3936 1297 4002 scripturam
1313 3943 1458 4002 receperam

306 4001 473 4055 Benedicent.
525 3999 548 4052 2.
566 4015 582 4051 a
601 3999 739 4070 plicatione
751 4002 914 4055 inducitrod.
927 4001 1039 4052 Floreat.

372 4069 433 4139 Cap.
445 4067 486 4121 LI.
498 4097 531 4110 --
551 4069 572 4120 l.
582 4015 748 4120 Venetorum
755 4077 817 4136 puto
829 4068 881 4122 sed.
933 4068 956 4122 2.
969 4069 995 4121 id
1006 4075 1046 4120 est
1057 4087 1104 4122 om.
1118 4071 1178 4123 edit.
1192 4067 1306 4122 Elmab.

372 4137 433 4208 (lap.
446 4136 498 4189 Lll.
510 4166 543 4175 -
562 4137 584 4190 1.
597 4136 710 4188 motibus
723 4139 856 4188 ediderunt
866 4137 1027 4189 Benedicent
1036 4147 1137 4205 aeroqm
1149 4139 1211 4190 loco.

372 4205 434 4276 Gap.
445 4203 509 4258 LIII.
523 4233 556 4243 -
576 4205 597 4255 l.
614 4205 655 4255 vel
672 4207 730 4256 edit.
746 4203 860 4255 Etmeat.
912 4205 935 4257 2.
952 4211 1059 4257 naturae
1074 4204 1203 4258 humanae
1221 4205 1318 4258 viribus
1334 4207 1394 4258 edit.
1413 4204 1455 4254 at-

305 4275 385 4330 ment.
435 4271 458 4326 ³.
472 4273 614 4326 mobilitate
626 4277 652 4323 et
663 4271 835 4324 mutabilitate
846 4275 905 4324 edit.
918 4273 1032 4325 Elaneat.

373 4341 433 4412 Gap.
445 4340 509 4394 LIV.
520 4371 553 4380 -
573 4341 595 4394 l.
613 4339 686 4392 MSS.
697 4339 917 4410 quintaedecimae
933 4341 1010 4394 lunae
1025 4342 1135 4396 initium.
1164 4341 1284 4462 (benet)
1300 4339 1456 4396 ”audaei-

306 4425 364 4463 mae
374 4411 452 4462 lunae
462 4409 563 4462 Initium
581 4411 636 4462 cod.
647 4407 757 4462 Floreat.
808 4407 831 4461 2.
843 4408 871 4460 ln
883 4407 973 4462 eodem
984 4425 1074 4462 mense
1085 4417 1161 4464 natae
1172 4413 1232 4465 edit.
1243 4409 1270 4462 Ε
1279 4410 1358 4463 neat.

374 4475 436 4546 Cap.
446 4475 499 4530 LV.
510 4505 542 4518 -ι
563 4477 585 4528 1.
603 4475 703 4529 Veteres
714 4479 813 4529 codices
824 4493 872 4528 aon
883 4495 966 4530 carnea
974 4479 1011 4529 od
1019 4495 1051 4530 ca
1087 4487 1213 4532 tnoatrum
1221 4479 1264 4530 55.
1277 4479 1399 4540 deotmar,
1412 4479 1455 4530 cd-

309 4547 444 4612 duaturque
455 4545 511 4598 olio
519 4555 544 4597 et
554 4546 610 4596 olio
618 4547 646 4596 ia
654 4545 761 4598 dioneia
771 4545 898 4600 codicibus
907 4547 1029 4616 capitulo.
1047 4497 1166 4616 (uctred.)
1184 4548 1226 4599 Ito
1236 4551 1262 4600 iu
1272 4549 1326 4600 cod.
1335 4565 1379 4600 me.
1388 4561 1454 4599 eaeo.

1205 4725 1210 4733 a
