3120 4994
263 303 324 367 294
689 301 978 346 maeno-mancam

261 461 376 543 partes,
390 462 426 523 ut
438 458 494 524 filii
508 461 591 524 eirca
603 463 723 545 patrem
735 462 937 546 suppositam,
951 481 1014 528 uon
1026 461 1157 527 eandem
1167 462 1245 526 velit
1256 483 1328 528 esse
1339 461 1415 528 suh·

263 563 416 626 stantiam
607 586 609 598 ¹

118 679 167 730 ceo·
180 679 244 722 ffl-
323 663 1415 750 Luciferiani‘oumteneentinomnibuseathohcamveritatem,iuhunc

261 787 396 834 errorem
407 769 842 854 stultissimumperlabuntur,
853 773 1028 834 utauimam
1037 769 1143 834 dicant
1154 791 1191 834 ex
1202 771 1415 836 transfusione

260 874 413 954 generari3
426 871 616 956 eandemque
629 873 737 937 dicum
748 879 779 936 et
791 873 827 937 de
841 879 933 938 carde
945 879 977 938 et
988 873 1025 938 de
1038 876 1140 938 carnis
1152 894 1221 937 esse
1229 873 1415 940 substantia.

106 986 156 1042 θεν·
168 989 243 1032 xxva
323 974 487 1057 Sabellius,
507 978 559 1058 qui
576 981 607 1039 et
620 976 880 1060 Patripassianus,
899 976 932 1042 id
947 975 1185 1057 ose1Uni0nita,
1205 975 1298 1040 dicit:
1323 977 1417 1041 Pater

261 1097 332 1142 cum
347 1083 405 1159 est,
419 1099 478 1142 neo
493 1084 580 1163 pater
594 1099 652 1143 nee
668 1078 750 1142 filius
766 1083 814 1142 est
827 1078 959 1144 visibilis
980 1085 1072 1164 atque
1093 1077 1285 1164 ²passibilis:
1306 1079 1416 1144 uolens

260 1185 295 1246 ut
309 1182 391 1245 sicut
403 1201 484 1244 unus
500 1181 576 1246 deus
592 1187 649 1263 est,
664 1184 709 1244 ita
722 1203 785 1245 una
800 1201 932 1267 persone
946 1185 978 1246 in
995 1181 1109 1246 deitate
1123 1185 1175 1264 sit,
1189 1181 1352 1246 mutabilia
1367 1189 1415 1246 ta·

260 1303 333 1350 men
348 1287 380 1346 et
393 1281 405 1322 ³
412 1283 577 1368 passibihs.
612 1285 787 1369 Antequam
801 1305 925 1350 carnem
937 1306 976 1348 ex
990 1287 1108 1367 virgine
1123 1290 1307 1366 assumeret,
1321 1284 1417 1350 deum

261 1392 382 1451 tantum
396 1386 506 1450 fuisse:
522 1393 703 1452 nascentem
717 1407 756 1451 ex
769 1389 889 1470 uirgine
902 1387 1000 1452 filium
1014 1391 1084 1472 ipsa
1096 1372 1258 1452 nativitate
1271 1385 1416 1472 appella·

261 1494 338 1570 tum,
358 1495 552 1574 assumptum
572 1495 644 1574 post
657 1492 873 1554 ascensionem
892 1493 925 1554 in
940 1487 1094 1575 spirituali
1108 1489 1214 1572 gloria,
1235 1495 1268 1552 et
1283 1489 1416 1554 descen-

262 1589 388 1656 dentem
402 1612 495 1676 super
509 1592 675 1676 apostolos,
689 1593 882 1678 spiritualem
895 1591 1045 1675 ⁴gratiam
1059 1591 1254 1674 donaturum,
1269 1594 1419 1677 spiritum

262 1697 404 1758 sanctum
419 1697 627 1774 nominatum
647 1701 682 1758 ut
700 1696 826 1759 trinitas
846 1697 879 1759 in
899 1695 1070 1760 officiorum
1089 1693 1278 1775 nominibus,
1298 1697 1417 1760 nonin

165 1789 167 1792 ’
261 1795 360 1860 tribus
374 1815 576 1881 personarum
590 1797 764 1883 speciebus,
779 1797 834 1864 sed
848 1801 929 1862 sicut
942 1817 1024 1862 unus
1039 1797 1125 1878 deus,
1146 1799 1190 1862 ite
1204 1814 1267 1862 una
1281 1817 1418 1882 persona

260 1900 293 1996 in
309 1898 470 1963 divinitate
486 1902 535 1966 sit.

95 2013 144 2066 Cer·
157 2014 242 2056 nvn·
322 2001 510 2086 Apollinaris
525 2006 659 2089 primum
674 2005 753 2069 dixit
767 2004 957 2070 saluatorem
973 2024 1099 2068 carnem
1112 2023 1176 2068 non
1189 2002 1415 2088 adsumpsisse.

259 2104 306 2169 De
321 2105 379 2169 hoo
396 2108 555 2170 convictus
571 2107 650 2170 dixit
664 2107 808 2171 ¹carnem
822 2107 1043 2192 adsumpsisse,
1059 2105 1113 2172 sed
1129 2109 1265 2170 animam
1279 2127 1344 2171 non
1358 2105 1415 2170 ad·

262 2209 442 2293 sumpsisse.
478 2207 517 2273 Et
536 2207 574 2273 de
594 2209 653 2274 hoo
674 2212 833 2276 conmotus
854 2209 933 2274 dixit
952 2215 984 2274 et
1003 2229 1129 2274 carnem
1148 2215 1180 2273 et
1198 2211 1336 2274 animam
1358 2207 1414 2274 ad-

262 2313 442 2396 sumpsisse,
458 2311 513 2377 sed
528 2333 655 2377 sensum
669 2333 732 2378 non
744 2313 967 2400 adsumpsisse;
983 2313 1039 2378 sad
1049 2313 1108 2376 luit
1124 2314 1191 2397 ipse
1210 2311 1270 2376 sibi
1287 2331 1414 2376 seusus:

261 2413 417 2478 subtiliter
436 2413 623 2484 ²versutiam
638 2436 711 2480 suae
730 2417 846 2481 fraudis
868 2417 999 2498 docens,
1020 2415 1128 2480 volens
1154 2420 1259 2480 autem
1286 2433 1414 2480 sensum

259 2519 385 2582 tertiam
403 2517 442 2582 ab
464 2520 568 2582 anima
588 2525 619 2582 et
639 2517 748 2583 ³earne
773 2539 842 2584 esse
863 2519 1085 2600 substantiam,
1105 2523 1159 2582 aut
1179 2537 1307 2582 sensum
1327 2523 1413 2580 extra

260 2621 403 2685 animam.
439 2620 479 2685 llt
498 2621 567 2686 ideo
587 2642 659 2687 cum
678 2623 824 2688 ‘sensum
843 2643 906 2688 non
925 2621 992 2688 uult
1011 2621 1228 2706 adsumptum,
1248 2619 1413 2684 confitetur

259 2723 1250 2811 animamnonadsumptam,quouiamsonsusanimasofficiam
1259 2727 1317 2787 est.
1425 2729 1433 2746 ·

82 2833 133 2887 cer·
145 2835 242 2878 ¹³V111·
321 2825 436 2891 Paulus
461 2829 624 2913 episcopus
649 2828 888 2914 Mesopotamiae
915 2832 1021 2892 contra
1045 2827 1139 2890 fidem
1169 2825 1412 2892 ecclesiasticam

259 2933 377 2994 sectam
390 2930 568 2996 menonis
583 2931 769 3014 introduxit,
784 2931 891 2996 dicens
906 2935 1070 3016 propterea
1083 2928 1241 2994 Christum
1254 2927 1413 2994 homiuem

258 3031 354 3098 fuisse
369 3039 512 3098 sanctum
527 3040 558 3098 et
572 3054 668 3098 unum
683 3034 721 3098 de
735 3033 904 3120 prophetis.

108 3144 241 3196 erum
322 3135 613 3201 ¹Pneumatomaohi
627 3139 688 3222 ipsi
703 3143 776 3202 sunt
786 3136 1009 3217 Macedoniani,
1025 3135 1141 3200 similes
1153 3135 1412 3200 homuncionitis.

257 3238 375 3302 Diouut
389 3240 533 3323 spiritum
548 3244 691 3303 sanctum
705 3261 768 3304 non
783 3261 850 3304 esse
867 3238 917 3304 dei
932 3240 1150 3319 substantiam,
1170 3237 1225 3301 sed
1241 3243 1414 3300 creaturam

259 3343 407 3406 creaturis
428 3343 540 3406 ceteris
559 3343 710 3427 potiorem
729 3349 761 3406 et
775 3343 951 3406 ministram
970 3343 1067 3428 patris
1082 3346 1114 3404 et
1128 3339 1195 3422 filii,
1208 3340 1267 3404 hoc
1280 3343 1329 3402 est
1343 3359 1414 3414 cum

258 3444 377 3527 angelis
393 3450 424 3507 et
434 3444 626 3528 archangelis
642 3451 673 3509 et
685 3447 796 3510 ceteris
809 3444 1017 3531 potestatibus
1029 3441 1270 3520 numerandum
1286 3463 1352 3506 non
1366 3447 1414 3505 ta-

309 3578 371 3649 Cep.
385 3577 482 3634 XXVI.
496 3609 529 3617 -
543 3579 564 3632 l.
577 3579 699 3634 Unionita
712 3580 816 3635 Coteler.
830 3580 904 3635 Eocl.
920 3582 965 3632 Gr.
978 3579 1087 3632 Mosam.
1101 3557 1156 3632 tom.
1170 3579 1199 3640 I,
1211 3595 1241 3646 p.
1253 3575 1312 3631 777.
1326 3578 1415 3641 oniou,

257 3649 295 3701 ita
306 3648 373 3700 Meu.
424 3647 448 3700 2.
460 3648 590 3716 passibilis
603 3653 654 3712 est,
673 3649 762 3702 volens
775 3655 804 3702 ut
816 3649 920 3703 Coteler.
932 3649 948 3700 Ι.
959 3651 975 3700 Ι.
1006 3647 1117 3700 assibilis
1130 3652 1182 3709 est,
1199 3645 1290 3698 volens
1308 3652 1334 3698 et
1345 3645 1413 3698 Mea.

257 3715 281 3770 3.
294 3715 431 3798 passibilis
443 3722 582 3786 antequam
594 3718 726 3784 distinqui?
738 3717 904 3781 t'oteler.1.1.,
917 3735 971 3768 cum
1010 3733 1046 3768 en.
1097 3715 1121 3767 4.
1134 3713 1245 3784 gratiam
1258 3713 1415 3768 Cotelsrdd.

259 3784 822 3974 {¹⁹¹tttljlltun.-1.0atmaa.
880 3852 1053 3908 tremebam
1064 3851 1131 3906 Meo.
1188 3849 1212 3904 3.
1225 3865 1328 3904 earnem
1345 3849 1413 3904 Mea.

278 3939 395 3976 .sensu·
417 3940 454 3972 en.

309 3989 370 4060 (lap.
382 3987 483 4044 XXIX.
500 4019 533 4030 -
555 3991 576 4044 1.
588 3989 815 4044 Pnecmatomaobi
832 3989 899 4044 Mera.

292 4109 354 4179 (lap.
367 4109 451 4162 XXV.
468 4139 501 4150 -—
529 4126 553 4162 a.
569 4109 735 4178 Luciferiaui]
759 4111 811 4164 Au·
862 4109 953 4162 eodem
970 4109 1025 4161 eius
1049 4107 1172 4188 opusculo
1192 4123 1244 4159 non
1264 4107 1365 4170 insani,
1387 4107 1414 4160 in

258 4179 355 4248 gustis.
368 4177 406 4230 De
414 4178 518 4231 Haeret.
531 4195 552 4232 e.
561 4177 602 4231 81.
622 4179 811 4244 ,Lneffsriauos
861 4177 995 4231 haereticis
1006 4176 1182 4230 Luciferiauos
1194 4176 1292 4245 positos
1304 4175 1358 4243 legi
1369 4191 1416 4244 per

258 4245 558 4300 adcommodatum
569 4248 810 4316 episeopoexortos,
860 4245 924 4298 haee
936 4247 1024 4298 verba:
1045 4244 1226 4310 ,Luciferianh
1242 4243 1338 4312 iuquit,
1355 4259 1416 4294 cum

258 4319 285 4367 et
301 4315 434 4367 celebriter
454 4316 615 4378 nominatos,
635 4331 684 4368 nec
699 4313 810 4386 Epipba·
860 4321 966 4368 teneant
980 4315 1007 4366 in
1025 4315 1145 4366 omnibus
1157 4311 1309 4365 catholicam
1322 4312 1416 4364 uerita·

257 4383 317 4436 nius
334 4399 381 4436 uae
393 4381 518 4436 Philoster
535 4385 601 4436 iuter
612 4383 754 4437 haereticos
765 4401 810 4453 po·
861 4384 919 4448 lem,
931 4384 959 4435 in
970 4382 1155 4438 buncerrorem
1165 4380 1347 4434 stultissimum
1356 4397 1415 4448 pro-

259 4453 323 4502 suit:
336 4451 412 4504 eredo
425 4451 603 4504 tantummodo
616 4451 741 4516 soffiama,
757 4469 809 4506 uon
860 4451 993 4516 labuntur,
1011 4455 1041 4503 ut
1057 4451 1171 4502 animam
1188 4448 1274 4501 dicant
1285 4465 1317 4499 ex
1331 4454 1415 4500 hans-

258 4517 386 4570 haeresim
409 4535 453 4571 eos
482 4519 641 4582 condidisse,
669 4519 808 4572 eredentes.
860 4519 962 4572 fusioue
979 4519 1108 4588 generari,
1126 4517 1267 4586 eademque
1283 4515 1373 4578 dicunt
1389 4521 1415 4566 et

258 4586 333 4656 Apud
345 4585 472 4656 quendam
484 4592 579 4652 tamen,
592 4587 664 4640 cuius
677 4605 771 4642 iromen
783 4589 809 4641 in
861 4587 891 4642 de
904 4604 980 4642 carae
993 4595 1018 4642 et
1035 4587 1065 4640 de
1078 4588 1161 4640 carnis
1173 4601 1229 4639 esse
1241 4583 1414 4639 substantia”
