3112 4986
289 273 350 338 233
753 271 980 314 amanuensem

288 429 435 512 quoniam
454 427 531 493 Cain
555 428 724 511 honorant,
749 428 889 494 dieentes
914 449 987 494 eum
1011 428 1197 494 forhsaimae
1223 447 1293 493 esse
1312 429 1448 492 virtutis

288 529 387 596 Simul
402 537 434 595 et
446 531 557 597 Iudam
575 532 758 597 traditorem
772 531 913 598 divinum
933 529 1052 616 aliquid
1066 536 1180 617 putant
1193 549 1279 613 esse,
1298 536 1332 594 et
1345 529 1449 596 scelus

288 635 354 698 aius
383 633 571 710 beneficium
593 634 758 721 deputant,
787 631 967 701 adserentes
993 653 1066 700 eum
1090 637 1264 721 praescisse
1296 639 1450 719 quantum

287 745 371 802 asset
390 741 495 821 generi
509 739 644 804 humano
659 738 776 804 Christi
796 742 899 824 passio
920 738 1097 824 protutura,
1117 744 1149 803 et
1168 737 1373 804 occidendum
1394 736 1448 802 Iu·

287 840 372 906 dacis
387 848 551 927 propterea
564 841 740 906 tradidisse.
762 841 828 907 Hos
843 849 926 906 ortos
942 861 1011 906 esse
1026 840 1284 926 2Mesopotamiae
1298 839 1448 906 eeclesia-

285 965 355 1010 rum
370 945 478 1030 Syriae
493 945 669 1010 sacerdotes
688 945 729 1010 ad
744 952 862 1010 ceteros
878 967 950 1010 snos
965 947 1166 1031 coepiscopos
1184 947 1449 1030 conscripserunt.

287 1049 370 1126 Quos
394 1051 523 1131 triginta
545 1054 577 1112 et
597 1048 656 1113 duo
679 1051 818 1133 episcopi
842 1049 925 1134 apud
950 1049 1150 1114 Antiochiam
1172 1047 1344 1112 residentes
1375 1065 1451 1112 curu
1552 1079 1553 1140 p

287 1151 427 1216 eiusdem
440 1153 527 1216 urbis
543 1153 687 1236 episcopo
708 1151 868 1216 Theodoro
893 1153 1101 1236 inpraesenti
1119 1151 1298 1216 confutatos
1316 1151 1451 1216 damna·
1552 1145 1553 1160 ¹

286 1262 369 1337 runt,
385 1255 525 1339 dieentes
545 1256 590 1318 eis
611 1254 688 1318 illud
707 1255 790 1340 quod
806 1261 932 1320 sanctus
954 1257 1082 1340 spiritus
1097 1254 1219 1320 loeutus
1240 1261 1289 1318 est
1302 1275 1359 1339 per
1372 1273 1450 1338 pro·

286 1358 429 1443 phetam:
450 1357 540 1422 ³Voe
554 1357 601 1422 ab
617 1361 675 1442 qai
687 1360 797 1424 dicuat
811 1360 849 1423 dc
869 1357 948 1423 hoco
962 1359 1094 1440 molum,
1115 1369 1144 1423 ct
1163 1360 1201 1423 de
1217 1359 1300 1422 analo
1322 1356 1451 1438 beream,

287 1465 344 1546 quo'
351 1472 477 1546 peceat
491 1459 632 1525 tenebrae
648 1463 755 1543 luceru,
772 1473 800 1526 et
811 1484 872 1547 pro
887 1463 955 1526 luce
969 1461 1129 1526 teosebaoor
1165 1467 1289 1528 constat
1303 1480 1373 1543 ergo
1389 1479 1450 1526 vos

287 1563 409 1628 avobis
430 1565 507 1649 ipsis
523 1585 591 1628 esse
608 1564 785 1647 damnatos,
807 1567 861 1649 qui
881 1585 934 1630 eos
954 1565 1049 1629 vultis
1069 1585 1199 1648 magnos
1219 1570 1252 1628 et
1270 1567 1369 1628 iustos
1388 1562 1450 1628 ad·

286 1667 391 1750 scribi,
407 1687 483 1752 quos
498 1689 553 1752 pro
569 1667 643 1732 faeti
658 1670 707 1732 sui
722 1667 871 1752 qualitate
887 1668 963 1733 deus
979 1674 1146 1754 perpetuae
1161 1660 1320 1752 gehennae
1335 1669 1450 1734 incen-

286 1770 336 1836 dio
352 1769 530 1835 destinavit.

56 1915 57 1920 κ
151 1895 268 1948 αμα.
349 1873 563 1939 Nonadeeima
582 1873 721 1938 haeresis
743 1874 970 1940 Sethianorum.
1008 1876 1188 1940 hincman
1214 1879 1404 1960 acceperunt
1431 1895 1452 1936 a

286 1975 349 2042 filio
364 1977 450 2042 Adae
466 1980 519 2062 qui
533 1983 661 2042 vocatus
677 1985 725 2042 est
739 1978 831 2060 Seth,
852 1977 890 2042 de
911 1999 1023 2064 supera
1042 1985 1141 2043 matre
1161 1999 1233 2043 eum
1251 1984 1362 2042 natum
1376 1997 1451 2041 esse

285 2083 453 2163 iactantes,
473 2101 566 2165 quarn
581 2083 765 2145 convenisse
781 2079 890 2145 dicunt
910 2103 981 2146 cum
996 2089 1250 2167 supernopatre,
1264 2081 1348 2146 unde
1363 2079 1450 2146 divi·

285 2205 362 2248 num
384 2205 491 2248 semen
510 2183 595 2248 aliud
615 2193 808 2268 nasceretur,
829 2205 868 2248 ex
889 2203 949 2268 qno
970 2187 1089 2248 semine
1105 2184 1165 2248 sibi
1182 2185 1259 2250 deus
1273 2188 1373 2248 iustos
1389 2183 1450 2248 eli-

240 2297 242 2300 ’
285 2293 371 2371 geret
391 2295 423 2351 et
441 2307 514 2352 suos
533 2287 614 2351 filios
635 2288 814 2372 appellaret.
851 2287 892 2352 Hi
912 2289 970 2352 orti
990 2289 1115 2352 suntin
1135 2288 1276 2373 partibus
1298 2287 1448 2352 Achaiae.

286 2389 400 2454 Contra
420 2411 497 2474 quos
518 2393 656 2477 suscepit
681 2398 808 2455 sanetus
832 2391 999 2472 Perigenes
1020 2392 1122 2473 Argus
1148 2393 1284 2456 civitatis
1303 2393 1450 2472 antistes,

285 2494 453 2560 osteudens
474 2496 519 2558 eis
542 2493 579 2558 de
599 2514 661 2558 uno
682 2501 878 2560 sanctuvere
898 2500 930 2558 et
944 2496 1024 2558 iusto
1044 2494 1132 2559 Isaac
1147 2495 1225 2559 duos
1240 2500 1330 2560 natos
1345 2495 1448 2578 gemi-

174 2617 177 2622 ’
284 2613 342 2662 nos
360 2617 423 2662 uuo
442 2599 558 2684 pariter
576 2603 665 2662 utero
685 2597 800 2677 editos3
820 2617 919 2666 unum
939 2596 979 2661 ad
999 2599 1159 2682 superiora
1183 2597 1307 2662 diuinae
1328 2598 1448 2681 gratiae

284 2707 466 2786 penetrase,
477 2700 574 2765 alium
585 2700 625 2765 ad
636 2701 783 2766 inferiora
793 2701 886 2764 inferi
898 2699 1072 2764 devenisse.
1096 2699 1202 2766 Unum
1217 2701 1351 2785 itaquae
1366 2699 1447 2766 duo·

285 2805 359 2887 bus,
383 2806 501 2888 iuquit:
534 2811 589 2868 aut
612 2809 742 2868 naturae
770 2803 871 2868 malae
897 2809 972 2867 sunt
994 2803 1066 2884 lilii,
1091 2810 1124 2867 et
1149 2803 1242 2869 ambo
1273 2804 1335 2869 ¹sie
1361 2803 1447 2888 quod
1550 2885 1553 2896 ἡ

285 2913 358 2972 suut
372 2909 448 2988 nati,
464 2906 647 2972 ²damuandi
662 2913 746 2989 sunt,
760 2913 814 2972 aut
829 2912 958 2971 naturae
974 2906 1074 2972 bonae
1090 2913 1174 2988 sunt,
1188 2913 1221 2970 et
1234 2927 1290 2992 pro
1305 2906 1382 2972 iacti
1397 2909 1445 2970 sui

285 3010 432 3096 qualitate
453 3013 534 3074 iuste
549 3009 645 3076 alium
660 3009 837 3075 benedictio
858 3011 1033 3094 coronavit,
1053 3009 1149 3074 alium
1167 3009 1347 3075 maledictio
1368 3029 1445 3076 con-

285 3112 453 3177 demnavit.
489 3113 573 3177 Haec
589 3119 620 3176 et
633 3113 683 3176 his
698 3113 812 3178 similia
826 3113 990 3178 adserente
1005 3119 1113 3178 sancto
1128 3113 1278 3196 Perigene
1293 3111 1447 3198 aliquanti

286 3216 447 3280 credentes
463 3219 606 3280 conversi
621 3217 748 3280 suntab
764 3236 866 3280 errore
881 3215 940 3281 hoe
955 3219 1107 3301 pessimo:
1128 3236 1192 3281 nou
1208 3215 1374 3282 credentes
1389 3237 1445 3282 au-

284 3325 359 3400 tam,
373 3339 432 3384 nee
448 3325 675 3401 convertentes
690 3319 791 3401 gladio
807 3325 881 3382 sunt
895 3319 1103 3384 anathematis
1117 3321 1281 3404 amputati.

157 3442 208 3495 cap.
221 3441 267 3484 xx.
347 3423 493 3488 Haeresis
512 3424 662 3488 vicesima
681 3422 764 3508 apud
784 3423 908 3487 Cretam
927 3419 1225 3488 Archonticoruma
1247 3423 1445 3509 principibus

284 3545 398 3592 nomen
413 3528 543 3611 aceepit.
566 3526 728 3611 Principes
743 3528 828 3590 enim
843 3546 877 3590 se
893 3525 994 3590 colere
1008 3527 1136 3608 iactant,
1151 3545 1229 3609 quos
1245 3525 1355 3592 dicunt
1369 3549 1444 3594 con·

284 3629 401 3694 didisse
415 3629 499 3694 hunc
513 3629 675 3693 mundum.
697 3629 762 3694 Hos
779 3635 905 3694 sanctus
920 3627 1087 3694 Dioscorus
1103 3628 1261 3694 Cretensis
1277 3632 1444 3718 episeopus

285 3731 645 3812 condemnavia‘dooens
660 3752 759 3796 unum
773 3739 806 3796 et
820 3751 927 3796 verum
943 3731 1037 3797 deum
1050 3733 1084 3796 in
1098 3737 1203 3817 partes
1218 3732 1445 3800 substantiales

283 3838 409 3920 penitus
424 3835 522 3900 dividi
541 3837 667 3900 omnino
688 3855 752 3900 non
772 3855 879 3920 posse3
899 3833 984 3900 hume
1003 3855 1072 3898 esse
1093 3833 1186 3900 deum
1206 3835 1260 3919 qui
1274 3857 1308 3900 se
1323 3841 1357 3918 et
1369 3857 1444 3922 pro·

284 3937 386 4022 phetis
402 3937 539 4004 ostendit
553 3945 586 4003 et
600 3940 633 4002 in
653 3957 687 4002 se
708 3939 871 4003 eredentes
892 3937 931 4004 ab
952 3939 1096 4002 omnibus
1118 3938 1266 4024 periculis
1287 3937 1446 4020 liberavit,

283 4041 365 4106 sieut
377 4039 455 4124 Noli,
469 4045 550 4110 sieut
563 4041 716 4122 Abraam,
730 4041 835 4124 isaac,
849 4041 940 4106 Iacob
956 4039 1097 4126 filiosque
1111 4039 1223 4122 Isra'e'l,
1243 4041 1368 4124 Ionam,
1382 4041 1445 4108 Su·

284 4165 431 4228 sannam,
448 4153 513 4212 tres
533 4163 660 4230 pueros3
682 4151 714 4207 et
733 4141 974 4210 innumerabilia
993 4165 1067 4228 erga
1086 4143 1249 4210 eredentes
1263 4147 1298 4209 iu
1313 4165 1348 4209 se
1363 4165 1445 4229 quae

334 4366 358 4420 2.
369 4367 573 4436 Mesopotamiae
584 4365 639 4420 MS.
657 4367 726 4436 Aaq.
741 4365 959 4436 Mesopotamiam
967 4365 1023 4420 MS.
1035 4367 1114 4430 Rom„
1126 4375 1150 4418 et
1161 4367 1218 4420 edd.
1227 4365 1303 4418 Siras.
1318 4367 1443 4420 Godana.

283 4435 310 4486 in
321 4434 510 4504 Mesopotamia
521 4433 599 4486 trabat
608 4435 663 4487 rod.
674 4452 721 4486 aaa.
732 4433 867 4489 mesaab.
918 4435 942 4488 3.
960 4433 1029 4488 Esai.
1039 4435 1070 4498 V,
1082 4434 1123 4487 20.

334 4501 395 4570 Gap.
406 4502 481 4554 XIX.
492 4531 526 4541 -
541 4501 562 4553 l.
574 4503 612 4553 sio
625 4503 694 4571 quod
705 4501 760 4555 MS.
773 4503 840 4570 Aaq.
852 4519 899 4572 pro
911 4503 937 4556 id
949 4504 1017 4572 quod
1030 4503 1084 4556 MS.
1098 4503 1175 4566 Rem„
1188 4513 1212 4556 et
1224 4501 1364 4558 euasere.
1378 4505 1443 4556 Gal·

285 4572 354 4620 laad.
406 4569 429 4621 2.
442 4569 624 4622 damnabitis,
638 4571 704 4636 Any.
