3122 4990
528 283 863 330 remansissemus
1204 341 1205 345 Ἰ
1235 283 1277 354 gp

115 445 293 512 bominibus
308 445 537 532 blasphemiam
558 448 591 510 in
611 447 758 530 spiritum
777 447 922 508 sanctum
937 441 1228 528 blasphemantibus
1244 447 1277 508 et

117 548 397 634 perseverantibus,
411 569 513 634 neque
525 548 576 612 hic
587 567 689 632 neque
703 550 737 612 iu
751 544 1047 646 ⁸futurollPropter
1058 545 1142 630 quod
1154 550 1278 611 constat

116 657 145 715 et
157 652 274 716 ‘istum
289 671 358 716 esse
373 652 576 734 haereticum,
590 653 653 716 imo
668 653 773 738 potius
788 649 868 714 nihil
882 651 979 731 scire,
999 650 1053 733 qui
1073 667 1126 714 eos
1142 647 1274 716 laudan·

116 753 179 836 dos,
193 775 259 819 non
275 754 498 840 vituperandos
513 761 545 818 ct
559 753 751 818 abiicieudos
765 752 959 818 iudicaverit.

173 855 248 921 Alia
262 861 312 920 est
324 857 463 922 haeresis
478 877 557 940 quae
573 857 651 921 dicit
661 856 858 921 divinitatem
870 854 1007 920 doluisse
1014 865 1036 938 ¹,
1052 874 1124 918 oum
1135 875 1206 919 caro
1217 875 1275 940 pa·
1293 879 1417 934 emron.

115 965 230 1024 teretur
244 961 278 1023 in
294 979 385 1024 cruce
401 963 566 1026 coniuncta
581 959 749 1041 divinitati,
765 959 890 1024 ¹errans
905 960 939 1022 in
954 977 990 1022 eo
1003 956 1086 1042 quod
1096 977 1160 1022 nou
1175 957 1276 1023 solum

115 1061 263 1126 divinitas
277 1065 343 1147 pati
358 1083 421 1128 nou
435 1069 541 1151 potest
551 1062 749 1144 naturaliter,
770 1068 829 1126 dec
843 1063 961 1143 teneri,
977 1080 1078 1145 neque
1093 1059 1204 1143 videri,
1219 1081 1275 1126 ve·

114 1185 181 1228 rom
201 1167 300 1229 etiam
319 1169 504 1230 nonenim
522 1165 677 1246 hominis,
697 1184 776 1249 quae
796 1186 815 1228 a
831 1164 888 1228 deo
903 1165 986 1228 facta
1000 1169 1064 1246 est,
1080 1162 1204 1228 dicente
1220 1163 1275 1230 dc-

114 1268 234 1349 mino¹²‚
254 1265 361 1334 Nolite
372 1271 478 1333 tmere
491 1290 542 1334 ece
558 1271 616 1354 qai
629 1270 777 1334 occidant
791 1289 918 1353 corpas,
939 1270 1079 1332 enimam
1097 1278 1201 1332 aaron
1214 1287 1278 1332 aaa

110 1381 245 1456 poterent
260 1371 409 1453 cocidere,
424 1371 480 1436 aed
492 1373 594 1436 timete
604 1371 687 1435 hamc
696 1373 816 1456 petiere,
831 1372 889 1455 qai
896 1381 1001 1456 potest
1014 1371 1154 1434 orimum
1164 1380 1193 1434 et
1208 1392 1277 1436 cer·

112 1497 171 1558 par
179 1473 318 1559 perdere
332 1476 366 1538 in
378 1473 560 1561 petrarum.
597 1471 728 1538 ²llrraut
747 1476 852 1557 itaque
871 1472 976 1538 modis
996 1472 1142 1536 omnibus
1159 1475 1213 1556 qui
1228 1472 1277 1538 di·

116 1583 189 1640 cunt
202 1576 402 1642 divinitatem
418 1577 534 1642 Christi
549 1597 618 1641 esse
633 1576 764 1642 matura
777 1575 971 1661 passibilem,
986 1581 1019 1638 et
1028 1577 1124 1660 impie
1137 1578 1279 1640 sentiunt

117 1687 168 1743 aut
183 1677 322 1743 doluisse
337 1685 391 1743 aut
410 1680 535 1744 ilerdsse
556 1685 613 1744 aut
625 1671 848 1762 ⁴ingeinuisse3
868 1680 973 1763 passio
994 1679 1080 1742 euim
1095 1677 1213 1742 Christi
1228 1685 1278 1742 est

116 1779 266 1863 caruahr,
281 1781 502 1846 marmaricam
517 1803 580 1846 non
597 1782 760 1846 divinitate
777 1781 910 1846 dolente.
932 1779 1067 1864 Ideoque
1082 1801 1147 1845 non
1162 1801 1276 1864 cogno-

116 1885 259 1949 scebatur
274 1884 430 1949 aludaeis
445 1887 498 1968 qui
514 1891 581 1948 erat
595 1887 629 1948 in
643 1905 736 1949 carne
751 1883 895 1969 passibili
909 1881 1076 1968 loquendo,
1092 1885 1146 1968 qui
1158 1883 1195 1948 de
1207 1884 1275 1967 lege

115 1995 144 2050 et
156 1987 320 2073 prophetis
336 1987 413 2052 deus
428 2005 520 2052 verus
536 1987 755 2069 nuntiabatur,
776 1985 943 2072 palamque
963 1989 997 2050 in
1018 2007 1111 2051 carne
1125 1992 1277 2053 venturus

114 2089 371 2175 ⁵praedioabatur
386 2089 509 2154 dicente
524 2089 711 2175 prophetas:
740 2089 829 2154 Deae
844 2091 958 2176 paloor
976 2092 1092 2167 uenietr
1112 2095 1145 2153 et
1163 2093 1278 2156 iterum

115 2191 241 2258 ⁷ecdem
255 2193 408 2278 propheta
422 2191 558 2256 David⁸r
583 2191 739 2258 Dominae
749 2215 830 2278 pore
845 2192 1047 2258 medeare
1060 2213 1160 2275 meae,
1180 2203 1210 2257 et
1223 2217 1276 2258 oo·

115 2295 181 2361 licia
194 2297 267 2358 mei.
291 2295 350 2372 Qui
366 2301 414 2359 est
429 2297 514 2358 enim
530 2293 611 2360 calix
626 2297 687 2358 nisi
703 2297 770 2359 eius
786 2292 928 2381 passim?
942 2299 995 2380 qui
1009 2301 1115 2360 mutae
1126 2295 1277 2362 bonitatis

114 2418 227 2462 munus
242 2403 276 2460 et
290 2397 474 2462 clementiae
489 2397 625 2463 humano
640 2400 747 2481 generi
763 2399 927 2463 conferens
941 2399 981 2463 ab
996 2397 1181 2464 ludaeorum
1197 2400 1276 2464 ⁸ini·

115 2503 265 2584 quissimc
284 2501 486 2583 ignorabatur
505 2501 630 2586 populo.
666 2502 782 2566 Passus
808 2503 912 2584 itaque
934 2507 983 2566 est
1007 2521 1102 2566 carue
1122 2503 1277 2587 passibili,

114 2601 193 2668 'non
209 2603 392 2686 divinitate,
406 2603 590 2668 naturaliter
604 2603 806 2689 impassibili,
827 2606 880 2688 qui
896 2610 928 2667 ct
943 2604 1146 2686 ¹⁰agncscitur
1161 2611 1192 2668 et
1206 2625 1275 2670 cre-

116 2704 196 2770 ditur
211 2726 276 2770 nou
292 2705 448 2770 ¹¹absente
463 2711 569 2771 tamen
584 2707 763 2789 divinitate,
778 2705 834 2770 scd
850 2704 1047 2772 ¹²coniuncta
1061 2727 1133 2772 cum
1148 2727 1276 2794 corpore

115 2811 231 2894 pariter
244 2815 373 2894 propter
386 2811 571 2892 mysterium
585 2812 885 2874 cousummationisss
900 2815 1052 2874 statutum
1063 2829 1100 2874 ac
1112 2809 1277 2876 definitum

115 2917 214 2976 autea.
249 2911 338 2988 Quod
358 2914 461 2977 sciens
482 2912 640 2998 apostolus
661 2933 725 2978 non
745 2914 902 2998 separavit
922 2914 955 2977 iu
971 2933 1061 2978 cruoe
1078 2911 1276 2980 divinitatem

177 3079 203 3135 ³.
214 3079 333 3133 futurum
346 3081 380 3134 A.
430 3081 455 3136 4.
466 3081 564 3134 iustum
577 3083 599 3134 t.

178 3147 242 3218 Gap.
255 3147 335 3202 nun.
347 3149 437 3201 ioatc.
449 3153 530 3201 inseri
548 3159 597 3202 mm
610 3147 732 3202 iaterDr
743 3167 895 3204 onrarmrr
905 3165 1011 3206 cruram
1019 3169 1195 3208 nasamm—
1205 3153 1227 3207 1.
1237 3169 1275 3208 ar·

113 3224 197 3270 rantes
211 3217 328 3286 quodA.
380 3217 403 3272 2.
415 3217 495 3270 Erant
533 3239 557 3273 a.
609 3219 633 3271 3.
646 3223 765 3272 naturam
777 3220 811 3272 Α.
863 3220 887 3274 4.
900 3220 1033 3288 gemuisse
1049 3224 1084 3275 A.
1135 3221 1275 3276 bnatura·

114 3285 366 3348 heremannus.
419 3286 442 3340 6.
460 3287 624 3368 praedicatur
635 3288 670 3342 A.
722 3287 746 3342 7.
764 3288 974 3342 eodemmodo.
1026 3289 1051 3345 8.
1068 3291 1275 3360 nequissimoA.

114 3353 136 3408 2.
147 3354 291 3418 divinitate,
303 3355 454 3407 naturaliter
465 3355 620 3426 lmpaaeibili
632 3374 677 3408 om.
691 3356 725 3408 A.
779 3356 817 3412 10.
830 3357 974 3428 ignoscitur
986 3359 1019 3413 A.
1067 3359 1106 3412 11.
1118 3359 1226 3416 absente
1237 3365 1276 3413 ta·

114 3439 172 3476 meu
183 3421 327 3486 divinitate,
340 3423 386 3476 sed
397 3441 444 3477 orn.
457 3425 491 3476 A.
545 3423 583 3478 12.
595 3425 684 3478 iuncta
696 3425 743 3480 Α,Ι

145 3593 208 3664 Gap.
215 3592 364 3647 Xon-a
375 3595 535 3648 divinitatem
545 3596 670 3664 doluisse]
737 3614 758 3650 o.
771 3597 921 3651 naturaliter
926 3600 1015 3666 carue]
1025 3598 1188 3653 Vocabulum
1197 3615 1276 3653 corne

113 3661 187 3716 Error
199 3662 242 3714 bio
254 3667 359 3716 notatus
371 3664 506 3734 speciatim
517 3666 545 3716 in
561 3665 607 3729 iis,
624 3665 670 3735 qui
720 3665 836 3730 adiunxi,
848 3683 927 3720 sensu
938 3667 1001 3720 illud
1012 3670 1166 3738 requirente.
1201 3668 1245 3730 (F.

113 3731 347 3784 aGbristccarnem
355 3732 587 3786 aiueanimasusce
605 3739 668 3798 tarn,
750 3734 777 3785 sd.
794 3733 930 3806 propheta]
946 3735 1013 3788 Psal.
1025 3735 1054 3789 L.
1066 3736 1091 3789 3.
1115 3735 1178 3800 „ilice
1194 3733 1208 3786 ὁ
1222 3735 1274 3798 teor

113 3807 137 3851 et
147 3801 204 3853 loco
222 3799 324 3852 animae
337 3799 421 3852 fuisse
436 3801 475 3854 illi
484 3801 517 3852 lc
536 3819 563 3852 or
575 3751 668 3854 eddone
719 3800 790 3872 ἡμῶν
802 3803 842 3854 aul
854 3803 883 3854 οὐ
896 3804 1135 3872 παρασιωπήοεται.”
1170 3803 1226 3872 (F.)

113 3875 178 3932 runt,
191 3873 221 3920 ut
232 3867 287 3920 dixi
298 3883 378 3938 supra
390 3869 423 3920 ad
434 3885 456 3921 c.
464 3869 503 3922 69.
517 3820 667 3940 dheopcne-
753 3887 774 3923 ο.
793 3871 887 3938 David]
908 3871 976 3924 Psal.
987 3873 1058 3926 xvi.
1069 3871 1093 3926 5.
1113 3871 1214 3941 ,Κύριος
1232 3891 1274 3943 μι-

113 3943 149 3988 tar
161 3943 239 3988 vocat
249 3937 348 3988 Auctor
358 3936 545 3990 Praedeatiuati
556 3955 613 4008 cap.
626 3938 667 3992 73.
719 3939 754 4008 ρὶς
766 3942 808 4005 τῆς
821 3939 984 4010 κληρονομίας
997 3959 1044 4010 μου
1054 3940 1093 3992 καὶ
1103 3944 1146 3992 τοῦ
1156 3942 1272 4012 ποτηρίου

112 4002 320 4074 ‘lbeopaasianos
337 4004 459 4058 Dauaeus
479 4005 512 4058 ad
529 4006 667 4076 Augustin.
719 4007 791 4076 μου.”
825 4007 881 4074 (F.)
1064 4043 1068 4060 .

112 4088 132 4124 a
141 4071 181 4124 73.
194 4070 341 4142 Nicephorc
350 4073 408 4126 XV.
415 4073 456 4126 28.
465 4075 577 4146 aliisque
585 4075 667 4128 Theo·
752 4075 769 4127 l.
783 4075 832 4138 Qui
841 4077 1150 4130 estenimcalixnisieius
1175 4079 1274 4148 assioi]

113 4139 252 4210 praebitae.
287 4140 345 4205 (F.)
719 4141 759 4195 Ex
770 4141 863 4198 Matth.
875 4145 936 4197 XX.
949 4144 989 4197 22.
1012 4143 1108 4198 Confer
1124 4146 1150 4200 S.
1192 4149 1273 4201 eximi

718 4211 803 4281 Opera
814 4211 843 4264 T.
857 4213 879 4264 1.
889 4229 915 4294 p.
928 4212 968 4266 73.
980 4229 1034 4282 seq.
1070 4213 1126 4282 (F.)

144 4277 168 4330 b.
186 4277 288 4330 dicente
301 4277 418 4345 domne]
429 4279 520 4333 Matth.
529 4281 563 4334 X.
573 4279 614 4333 28.
626 4279 666 4332 lix
752 4293 778 4350 g.
789 4285 941 4349 mysterium
950 4283 1192 4352 consummationis]
1203 4283 1273 4338 inira

112 4343 228 4398 hocloco
241 4351 330 4399 tamen
345 4347 414 4400 male
431 4349 531 4416 colligit
540 4347 668 4402 Philastsr
718 4348 767 4402 hoc
779 4350 875 4418 capite:
895 4349 1058 4417 „Myrten'am
1074 4361 1175 4405 nostroe
1191 4372 1271 4406 cocao

113 4415 225 4467 mimam
236 4414 321 4467 dolori
332 4431 385 4468 non
397 4432 455 4469 esso
471 4417 624 4482 obnoxiam,
641 4423 668 4470 et
718 4419 808 4470 relatis
832 4419 1050 4472 consummabatur
1074 4441 1090 4473 o
1114 4423 1224 4486 domino,
1244 4431 1273 4476 nr

113 4484 225 4537 anhnam
237 4481 335 4536 Christi
346 4483 459 4537 doluisse
471 4485 479 4536 i
498 4501 527 4536 se
539 4501 560 4538 c.
573 4485 613 4538 69.
628 4503 667 4539 re·
737 4487 794 4538 leno
804 4488 1269 4549 decicticfisretirrimioi.''Exlohauu.

113 4551 448 4611 maoaveratexnmu
508 4551 668 4620 VL³8.(F.)
785 4554 845 4611 .30.
858 4555 1034 4622 „ruffinae”
1067 4556 1125 4626 (ll.)
