3120 4994
288 320 349 385 262
757 318 985 364 rmnusrmarr

287 474 351 540 Noe
367 493 384 540 e
400 478 553 541 contrario
569 473 713 560 dicimus,
728 475 817 542 Sicut
830 477 900 544 lons
916 499 956 542 ex
969 499 1005 543 ec
1020 481 1128 562 genuit
1137 479 1253 544 flumen
1268 497 1381 564 exque
1393 485 1459 562 est,

288 581 332 642 ita
345 585 434 664 pater
450 598 489 644 ex
503 599 539 644 eo
555 583 663 662 genuit
677 580 776 646 filium
792 601 830 645 ex
845 603 905 666 quo
922 587 983 646 est:
1005 590 1037 646 et
1056 585 1138 648 sicut
1151 581 1221 647 lons
1240 601 1302 647 nco
1317 582 1458 648 volendo

289 689 320 746 ct
333 682 468 748 nolendo
485 685 593 767 genuit
604 683 746 767 fiuvium,
761 683 817 748 sed
832 685 998 768 gignendo,
1013 687 1057 748 ita
1072 691 1161 771 pater
1175 705 1238 749 non
1250 685 1458 770 disputando,

288 793 342 851 aut
355 785 500 868 volendo,
516 791 569 850 aut
583 785 730 870 nolendo,
752 787 809 851 sed
829 791 910 852 sicut
926 793 1037 852 natura
1057 789 1152 853 fontis
1173 788 1231 853 hoe
1252 793 1336 852 extet
1356 795 1394 851 ut
1416 787 1458 852 de

288 889 481 976 plenitudine
493 910 551 954 sua
562 896 697 973 emanet,
708 892 753 954 ita
763 897 852 975 pater
864 891 902 956 dc
911 891 1104 977 plenitudiue
1117 891 1342 956 suaelfundeus
1351 891 1459 956 lilium

288 995 405 1077 genuit.
427 991 466 1057 Et
481 994 564 1058 sicut
577 993 687 1058 lluvius
704 997 815 1058 circuit
829 1001 930 1059 totum
944 994 1107 1077 mundum,
1122 1001 1155 1058 et
1168 1016 1253 1058 mara
1269 994 1458 1078 ingreditur,

289 1101 321 1161 et
334 1101 441 1160 tamen
456 1095 494 1160 de
510 1098 581 1160 sinu
596 1097 691 1162 fontis
707 1117 770 1162 non
785 1095 913 1180 recedit,
928 1099 972 1161 ita
987 1105 1019 1162 et
1029 1098 1111 1162 filius
1124 1098 1162 1162 de
1175 1100 1245 1163 sinu
1256 1101 1353 1183 patris
1369 1119 1458 1162 uun·

289 1220 383 1284 quam
398 1199 554 1282 discessit,
569 1221 627 1266 uec
642 1206 717 1264 tunc
733 1199 858 1285 quaudo
874 1221 908 1264 se
924 1201 1100 1266 humiliavit
1114 1202 1215 1266 lactus
1231 1201 1382 1266 obediens
1397 1221 1456 1265 us·

289 1323 348 1388 quc
364 1301 404 1366 ad
425 1308 568 1367 mortem.
606 1302 657 1367 Sic
679 1323 750 1386 ergo
773 1306 855 1367 inter
874 1323 932 1368 nos
952 1325 1009 1389 per
1028 1305 1278 1390 adsumptionem
1297 1307 1457 1389 apparuit,

289 1405 344 1470 sed
365 1427 421 1490 per
439 1408 636 1470 maiestatem
657 1426 745 1470 suam
772 1405 809 1470 dc
830 1409 901 1470 sinu
921 1410 1018 1492 patris
1038 1427 1198 1492 nunquam
1218 1407 1372 1472 discessit.
1410 1407 1457 1472 Ut
1549 1469 1550 1472 ,

290 1509 374 1573 euim
388 1507 447 1572 hoo
462 1511 507 1571 ita
521 1509 620 1590 tieret,
635 1529 692 1574 nec
708 1508 900 1594 possibilitas
916 1511 972 1574 deo
988 1509 1087 1578 deluit
1101 1531 1158 1575 nee
1170 1509 1322 1576 voluntas.
1345 1509 1455 1575 Unum
1549 1589 1550 1600 χ

288 1611 399 1676 horum
415 1613 442 1675 si
457 1611 514 1676 deo
531 1611 640 1693 deluit,
655 1612 731 1676 deus
746 1633 809 1676 nou
824 1617 929 1698 potest
942 1616 1125 1698 nuncupari.
1163 1614 1220 1691 Qui
1236 1615 1320 1678 enim
1335 1613 1456 1678 bonurn
1549 1631 1550 1638 ¹

289 1735 352 1778 uon
367 1713 445 1796 vult,
466 1714 568 1778 malus
584 1721 645 1778 est:
668 1718 721 1800 qui
736 1735 800 1779 nou
815 1721 919 1800 potest
941 1715 1104 1799 quodvult
1120 1716 1235 1798 facere,
1255 1718 1454 1800 omnipotens
1549 1723 1550 1742 ¹

290 1837 352 1882 uon
368 1823 424 1880 cst.
447 1817 536 1881 Hanc
553 1817 779 1902 blasphemiam
795 1818 979 1884 damnantes
995 1821 1027 1882 in
1043 1817 1197 1883 haeretico
1211 1839 1304 1903 quem
1316 1817 1455 1884 diximus

289 1920 329 1986 ad
345 1926 464 1986 ceteros
480 1921 674 1985 accedamus.

114 2033 163 2086 0¹1³·
177 2032 269 2078 ΜΗ·
354 2025 583 2108 Octogesimam
598 2031 630 2088 et
644 2026 778 2110 primam
792 2045 856 2091 non
872 2025 1026 2090 haeresim
1041 2025 1241 2090 ¹aecusamua
1255 2026 1289 2090 in
1300 2023 1455 2106 Lucifero,
1549 2009 1550 2076 j

289 2127 346 2196 sed
361 2128 498 2194 schisma
513 2131 679 2211 arguimus.
703 2126 897 2193 ²Catholicus
913 2129 1040 2214 quidem
1055 2151 1110 2215 per
1126 2131 1239 2210 omnia,
1258 2127 1314 2192 sed
1328 2127 1454 2192 Lucife-

289 2235 393 2298 rianos
409 2229 550 2297 faciendo
565 2231 708 2316 populos,
724 2239 756 2295 et
771 2231 939 2300 dividendo
956 2253 989 2296 sc
1001 2233 1040 2297 ab
1053 2231 1195 2315 ecclesia,
1210 2229 1301 2296 elide
1314 2251 1370 2295 sua
1380 2229 1453 2294 ³ea·
1549 2271 1550 2280 κ

203 2409 211 2418 ,
290 2339 414 2402 ritatem
429 2335 576 2418 exclusit,
597 2335 720 2399 dicente
736 2335 887 2420 apostolo,
907 2333 1068 2418 ⁴Sifideca
1083 2335 1214 2400 habeam
1227 2339 1274 2400 ita
1288 2347 1325 2399 ut
1336 2347 1453 2399 amatae

291 2440 492 2526 trcasferom,
508 2441 671 2503 caritatem
686 2449 790 2502 cotem
803 2461 866 2502 noa
878 2437 1018 2520 babeam
1033 2439 1114 2503 m'lu'l
1122 2439 1200 2503 otili
1209 2439 1347 2524 prodest.
1379 2436 1453 2502 Glo-

290 2544 409 2608 riantur
424 2542 550 2628 quidem
565 2563 584 2606 a
599 2541 659 2606 fide
675 2562 738 2605 non
754 2541 912 2622 deviasse,
927 2541 983 2605 sed
998 2561 1059 2606 nou
1074 2561 1204 2626 paruum
1216 2543 1334 2605 crimen
1349 2541 1452 2624 argui-

290 2659 360 2716 mus
376 2666 428 2710 eos
443 2647 612 2728 incurrere,
628 2647 682 2729 qui
698 2665 769 2709 cum
781 2644 831 2708 dei
843 2643 976 2708 ecclesia
987 2644 1144 2708 noluerint
1154 2644 1268 2708 habere
1281 2645 1452 2708 caritatem.

105 2753 274 2810 Ceufflffl·
352 2749 575 2815 Iovinianistae
596 2747 794 2813 alcuiniano
822 2747 956 2832 quodam
982 2751 1200 2831 octogesimam
1226 2753 1258 2811 ct
1279 2745 1452 2811 secundam

290 2855 452 2920 haeresem
467 2853 635 2936 arripuisse
651 2849 765 2916 detecti
781 2855 864 2914 sunt.
901 2851 970 2933 Qui,
990 2853 1071 2915 sicut
1085 2849 1181 2915 Stoici
1196 2849 1374 2936 philosophi
1394 2869 1451 2934 pu·

290 2963 369 3040 tant,
384 2958 472 3042 paria
487 2954 596 3019 dicunt
611 2973 679 3019 esse
695 2957 841 3019 universa
855 2959 1000 3039 peccata,
1019 2975 1077 3017 uec
1093 2975 1185 3040 posse
1200 2971 1329 3040 peccare
1351 2951 1452 3016 homi·

197 3113 200 3122 ,
290 3083 364 3130 nem
378 3059 502 3124 lavacro
517 3059 760 3140 regenerationis
781 3063 925 3142 accepto,
944 3077 1002 3120 uec
1031 3056 1149 3141 ahquid
1168 3055 1317 3141 prodesse
1337 3054 1453 3119 ieiunia

290 3164 341 3231 vel
363 3185 381 3227 a
402 3161 481 3226 cibis
502 3159 658 3244 aliquibus
673 3160 906 3224 abstinentiam.
943 3160 1162 3242 Virginitatem
1188 3149 1312 3223 sanctae
1339 3157 1453 3224 hieriae

293 3268 467 3347 destruunt,
482 3261 622 3328 dieentes
639 3259 708 3327 eam
723 3262 871 3348 pariendo
884 3263 979 3327 fuisse
991 3263 1147 3327 violatam.
1170 3261 1348 3344 Virginitati
1360 3264 1454 3325 etiam

293 3366 587 3449 sanctimonialium,
603 3368 831 3431 continentium
847 3368 995 3447 castitati,
1011 3371 1043 3428 et
1056 3367 1132 3429 viris
1148 3363 1335 3448 eligentibus
1358 3365 1452 3429 caeli·

293 3475 365 3541 bem
379 3475 487 3553 vitam,
503 3469 680 3552 coniugium
696 3474 852 3534 castorum
868 3473 960 3554 atque
976 3467 1115 3533 fidelium
1130 3467 1250 3532 meritis
1266 3467 1453 3552 adaequant,

293 3584 337 3644 ita
351 3583 386 3641 ut
401 3573 551 3660 quaedam
566 3575 703 3657 virgines
726 3593 832 3636 sacrae
848 3578 1009 3657 provectae
1025 3575 1087 3635 iam
1108 3573 1230 3652 aetatis,
1251 3573 1283 3634 in
1299 3569 1375 3634 urbe
1392 3571 1453 3635 Rc·

293 3701 400 3760 mana,
420 3677 475 3742 ubi
496 3676 573 3740 haec
589 3675 737 3758 docebat,
758 3696 793 3740 co
815 3675 920 3739 audito
936 3678 1081 3762 nupsisse
1097 3673 1251 3739 dicantur.
1287 3673 1357 3738 Non
1378 3693 1454 3738 sane

293 3787 360 3868 ipso
379 3781 559 3847 lovinianus
580 3778 629 3843 vel
649 3777 785 3844 habebat
803 3777 853 3849 vel
872 3777 987 3842 habere
1002 3777 1127 3842 volebat
1145 3795 1287 3858 uxorem,
1308 3775 1393 3859 quod
1408 3776 1454 3840 l'a-

295 3891 379 3952 ctum
400 3903 462 3949 non
483 3883 605 3947 futurae
630 3884 713 3947 vitae
735 3881 931 3968 profuturum
951 3881 1089 3962 dicebat,
1112 3879 1167 3944 sed
1187 3881 1345 3964 praesenti
1367 3899 1453 3944 com·

294 3987 385 4055 modo
402 3984 588 4072 adplicabat.
616 3983 729 4050 Contra
745 3983 826 4049 hunc
842 3987 980 4069 suscepit
992 3989 1120 4048 sanctus
1135 3981 1318 4048 Ambrosius
1333 3981 1453 4046 Medio-

294 4091 434 4157 lanensis
446 4092 621 4176 episcopus,
634 4088 759 4173 ¹quique
774 4087 872 4152 edidit
883 4085 996 4152 librum
1008 4085 1047 4150 ad
1056 4085 1244 4150 destruenda
1255 4087 1453 4151 omniacom-

295 4199 402 4261 menta
423 4192 678 4258 adinventionum
699 4193 775 4255 eius.
813 4191 878 4268 Quo
901 4189 978 4254 lecto
998 4191 1031 4254 in
1051 4188 1154 4254 media
1176 4189 1331 4270 Romana,
1350 4187 1384 4253 id
1407 4195 1456 4253 est

348 4345 410 4416 Gap.
422 4343 544 4398 LXXXI.
556 4375 588 4384 —
603 4344 624 4398 l.
637 4359 790 4396 accusamus
807 4343 834 4395 iu
849 4341 967 4396 Lucifero
979 4341 1033 4394 MS.
1046 4342 1114 4410 Arrp.
1132 4351 1156 4394 et
1172 4341 1283 4395 Danaas.
1301 4355 1453 4394 accusamus

298 4413 509 4470 tacueramus
523 4413 600 4476 Hem,
613 4415 669 4466 edd.
681 4411 756 4466 serm.
772 4411 841 4464 Gall.
893 4411 916 4464 2.
930 4409 1076 4464 Catholieus
1089 4409 1142 4462 MS.
1157 4411 1224 4480 Aug.
1237 4407 1383 4462 Gathollcos
1397 4413 1453 4462 edd.

298 4483 373 4536 sarm.
387 4483 455 4534 Gall.
506 4479 531 4534 3.
543 4481 677 4534 caritatem
688 4479 743 4535 MS.
756 4481 797 4530 Aa
818 4522 824 4534 .
843 4479 935 4532 caritas
953 4477 1095 4534 adsistam.
1111 4479 1188 4542 eall,
1206 4482 1372 4532 comanente
1384 4477 1456 4530 haud

300 4553 373 4602 dubie
384 4549 438 4602 MS.
450 4549 519 4602 Rem.
570 4549 618 4600 4.1
630 4499 826 4612 eonomxlit
838 4547 862 4600 2.

350 4615 411 4684 Gap.
422 4613 555 4670 LXXXII.
567 4645 601 4656 -
620 4615 641 4666 1.
654 4615 754 4682 Reperio
766 4616 810 4684 qui
822 4631 932 4685 quoque.
