3112 4986
536 293 576 336 nr
588 291 764 336 musanus
777 293 870 338 urana
1110 305 1116 318 ·
1221 286 1284 362 217*

115 453 246 536 seipsos
260 471 373 518 nccare
388 457 593 534 consuerunt,
614 457 647 517 et
665 455 700 517 in
718 455 814 518 istum
833 453 969 518 fauorem
982 451 1060 517 ulios
1079 473 1157 537 quos
1172 459 1282 538 potue·

115 557 189 618 rint
208 575 302 619 sexus
320 557 483 640 utriusque
502 554 664 638 seducere,
690 553 855 640 aliquando
882 562 918 619 ut
936 555 1119 620 occidantur
1143 556 1183 620 ab
1203 557 1284 639 aliis,

116 663 257 722 mortem
271 659 333 722 nisi
348 659 480 722 fecerint
493 661 729 724 comminantes.
765 658 989 724 Verumtamen
1006 658 1167 744 plerisque
1177 659 1283 724 Dona·

117 763 269 825 tistarum
284 760 451 847 displicent
465 761 559 844 tales,
580 782 637 826 nec
657 781 764 826 eorum
784 764 1000 826 communione
1022 764 1226 826 contaminari
1249 783 1284 826 se

116 869 245 949 putant,
260 867 313 948 qui
328 865 503 929 Christiano
518 865 587 930 orbi
600 871 752 930 terrerum
767 863 928 930 dementer
943 865 1095 929 obiiciunt
1108 867 1284 947 ignotorum

118 969 244 1031 crimen
257 967 412 1032 Afrorum.
449 968 547 1032 Multa
566 973 598 1032 et
612 970 693 1032 iuter
707 970 792 1052 ipsos
807 968 890 1032 iacta
905 973 979 1032 suut
993 969 1177 1050 schismate,
1198 973 1230 1031 et
1244 968 1282 1032 ab

118 1071 161 1134 iis
178 1089 212 1133 ee
228 1069 359 1134 diversis
381 1071 520 1136 coetibus
540 1071 593 1134 alii
608 1077 700 1154 atque
715 1069 768 1134 alii
784 1077 980 1156 separarnut3
1004 1091 1134 1155 quorum
1157 1091 1283 1155 separa-

119 1176 241 1238 tionem
261 1179 366 1237 cetera
379 1174 505 1257 grandis
524 1173 690 1239 multitudo
705 1193 768 1238 non
784 1176 893 1238 sensit.
937 1173 999 1239 Sed
1019 1173 1103 1260 apud
1123 1174 1284 1257 Carthagi·

120 1295 196 1340 nem
218 1275 425 1341 Maximianus
445 1283 553 1342 contra
572 1277 766 1342 Primianum
792 1277 832 1343 ab
858 1275 999 1342 eiusdem
1018 1279 1131 1342 erroris
1158 1283 1284 1343 centum

120 1379 220 1443 ferme
235 1381 391 1465 episcopis
406 1381 583 1463 ordinatus,
602 1385 634 1444 ot
652 1399 672 1443 a
689 1379 817 1464 reliquis
837 1381 987 1446 trecentis
1008 1379 1132 1463 decem,
1152 1382 1283 1446 cumeis

121 1480 289 1546 duodecim
304 1485 357 1566 qui
373 1483 560 1548 ordinationi
580 1485 646 1548 sius
662 1484 756 1547 etiam
769 1485 946 1568 praesentia
966 1483 1118 1568 corporali
1133 1482 1283 1548 interfue-

122 1591 197 1648 runt
211 1587 406 1650 atrocissima
421 1588 637 1650 criminatione
659 1585 824 1650 damnatus
839 1585 989 1670 compulit
1008 1606 1061 1650 ecs
1080 1605 1173 1674 nosse
1189 1589 1285 1652 etiam

122 1693 213 1752 extra
226 1688 391 1753 ecclesiam
407 1688 473 1753 dari
488 1709 580 1773 posse
599 1688 791 1774 baptismum
813 1688 937 1753 Christi.
973 1687 1054 1753 Nam
1075 1687 1226 1774 quosdam
1245 1709 1284 1758 ex

123 1793 171 1855 eis
186 1793 318 1856 cumeis
334 1812 411 1875 quos
427 1797 515 1856 extra
529 1813 636 1856 eorum
651 1791 815 1856 ecclesiam
829 1789 1078 1876 baptizaverant,
1097 1793 1131 1856 in
1147 1793 1212 1856 suis
1226 1790 1283 1856 ho-

123 1893 252 1960 notibus
273 1897 340 1958 sine
355 1894 421 1959 ulla
437 1897 471 1959 in
491 1915 646 1979 quoquam
666 1897 850 1980 repetitione
870 1893 1068 1980 baptismatis
1089 1900 1283 1981 recepemnt,

124 2017 182 2062 nec
202 2017 256 2062 eos
275 2004 311 2060 ut
329 1999 520 2081 corrigerent
538 2019 594 2084 per
613 1997 755 2084 publicas
780 2003 952 2084 potestates
972 2019 1062 2081 agore
1086 1997 1283 2079 destiterunt,
1313 1985 1317 1996 ’

124 2119 306 2166 neccarum
321 2101 505 2166 criminibus
520 2121 577 2187 par
591 2104 640 2166 sui
661 2101 783 2167 concilii
798 2104 988 2166 sententiam
1006 2101 1209 2167 vehementer
1227 2119 1282 2168 cx-

124 2205 277 2288 aggeratis
293 2207 542 2270 communionem
557 2225 645 2270 suam
661 2207 870 2270 contaminare
885 2207 1067 2270 timuerunt.
1349 2199 1353 2208 '

184 2305 454 2390 Priscillianistae,
465 2329 543 2392 quos
554 2309 588 2372 in
598 2309 752 2394 Hispania
762 2307 976 2373 Priscillianus
987 2311 1134 2392 instituit,
1148 2311 1284 2374 maxime
1302 2335 1353 2386 up.
1366 2333 1429 2374 axx.

126 2409 344 2476 Gnosticorum
359 2417 391 2474 ct
404 2411 656 2477 Manichaeorum
667 2411 810 2494 dogmata
820 2414 976 2497 permixta
990 2418 1158 2495 sectantur,
1173 2431 1283 2495 quam·
1301 2477 1304 2488 ,

124 2515 171 2577 vis
190 2518 224 2578 et
247 2533 287 2577 err
311 2513 381 2578 aliis
402 2514 583 2578 haeresibus
610 2513 659 2580 ¹in
682 2533 735 2580 eos
760 2513 868 2579 sordes
894 2521 1043 2598 tanquam
1068 2517 1101 2580 in
1127 2517 1284 2580 sentinam

125 2615 282 2702 quandam
307 2615 449 2683 horribili
476 2617 658 2682 contusione
678 2617 892 2682 confluxerint.
928 2617 1060 2704 Propter
1082 2617 1282 2684 occultandas

125 2725 228 2785 autem
243 2723 522 2786 contaminationes
537 2725 570 2785 et
582 2721 791 2807 turpitudines
807 2739 880 2786 suas
894 2720 1013 2786 habent
1027 2723 1059 2786 in
1075 2723 1140 2785 suis
1155 2720 1282 2806 dogma·

125 2821 208 2890 tibus
222 2825 344 2890 ethaeo
359 2824 468 2890 verba:

325 2927 420 3010 Iuro,
435 2928 584 3014 precioso,
603 2939 753 2994 semotum
766 2929 904 3015 prodere
921 2928 997 2993 coli.

124 3031 164 3096 Hi
188 3033 309 3096 animas
335 3031 443 3096 dicunt
467 3031 608 3097 eiusdem
628 3037 756 3096 naturae
777 3037 870 3116 atque
891 3030 1100 3113 substantiae,
1128 3033 1216 3097 cuins
1236 3039 1285 3097 est

126 3133 213 3217 deus,
227 3134 267 3200 ad
284 3155 415 3218 agonem
430 3135 586 3219 quendam
602 3137 855 3219 spontaneumin
871 3137 962 3200 terris
984 3133 1210 3219 exercendum,
1228 3157 1284 3222 per

126 3243 244 3325 septem
267 3237 385 3320 caelos,
405 3244 437 3302 et
456 3259 512 3324 per
532 3237 683 3321 quosdam
704 3237 856 3322 gradatim
871 3237 1060 3302 descendero
1081 3241 1284 3324 principatus,

125 3347 156 3405 et
173 3342 345 3424 malignum
364 3343 539 3426 principem
558 3343 731 3424 incurrere,
757 3361 776 3406 a
800 3362 860 3425 quo
880 3344 976 3406 istum
995 3341 1147 3406 mundum
1166 3341 1285 3407 factum

124 3445 233 3510 volunt
248 3450 341 3528 atquo
357 3445 397 3508 ab
411 3445 469 3508 hoo
485 3447 625 3530 principe
648 3465 704 3530 per
719 3444 842 3510 diversa
861 3446 963 3508 carnis
979 3465 1108 3529 corpora
1127 3447 1283 3508 seminari.

57 3587 59 3592 ·
124 3548 277 3614 Ashnunt
292 3549 387 3611 etiam
401 3547 548 3612 fatalibus
564 3547 664 3611 stellis
678 3547 821 3611 homiues
841 3547 1015 3629 colligatos,
1035 3549 1200 3632 ipsumque
1215 3569 1283 3612 cor-

124 3672 181 3736 pus
192 3657 336 3715 nostrum
348 3649 519 3715 secundum
532 3649 696 3714 duodecim
708 3649 880 3733 signacaoli
892 3670 961 3713 esse
974 3653 1191 3735 compositum,
1204 3653 1285 3714 sicut

124 3754 221 3840 hiqui
235 3754 448 3818 mathematici
462 3753 552 3837 vulgo
568 3753 774 3839 appellantur,
794 3755 1018 3817 constituentes
1038 3755 1072 3816 in
1087 3756 1188 3838 eapite
1201 3755 1284 3817 arie·
1301 3805 1306 3818 .

124 3863 198 3938 tem,
213 3863 337 3921 taurum
351 3859 385 3921 in
399 3859 534 3939 ceruice,
554 3841 693 3939 geminos
708 3859 741 3920 in
756 3857 909 3938 humeris,
931 3877 1078 3920 canorum
1092 3859 1125 3920 iu
1148 3862 1284 3942 pectore,

125 3965 154 4024 et
172 3965 278 4025 cetero
296 3962 482 4024 nominatim
502 3962 590 4044 signa
609 3967 825 4046 percurrentes
846 3959 885 4023 ad
906 3958 1030 4044 plantas
1052 3977 1151 4044 usque
1173 3981 1283 4045 perve-

123 4065 224 4144 niunt,
240 4081 316 4146 quas
331 4063 471 4148 piscibus
487 4064 638 4144 tribuunt,
659 4062 741 4146 qnod
755 4063 899 4128 ultimum
915 4065 1039 4146 signum
1058 4062 1098 4126 ab
1121 4063 1284 4148 astrologis

123 4171 330 4250 nuncupatur.
366 4165 450 4232 Haec
465 4174 496 4230 et
511 4167 572 4230 alia
585 4165 736 4246 fabulosa,
750 4185 843 4248 vana,
863 4165 1022 4249 sacrilega,
1045 4185 1123 4250 quae
1138 4170 1284 4252 persequi

126 4269 251 4354 longum
271 4274 335 4352 eet,
363 4269 501 4336 haeresis
524 4273 585 4335 ista
607 4270 753 4334 contexit
791 4268 908 4334 Carnes
930 4274 1081 4352 'tanquam
1106 4269 1283 4336 immundas

126 4391 212 4437 escas
227 4374 323 4438 etiam
337 4375 406 4458 ipsa
421 4373 553 4451 devitat3
569 4374 725 4456 coniuges,
740 4370 853 4456 quibus
868 4369 926 4437 hoc
937 4371 1054 4440 malum
1065 4377 1201 4459 potuerit
1210 4395 1282 4461 per·

193 4591 255 4664 Gap.
268 4592 351 4648 Lxx,
363 4623 396 4636 —
415 4595 437 4650 1.
450 4595 511 4648 Solo
524 4597 601 4649 aditio
613 4595 710 4650 borco.
723 4595 749 4649 in
762 4611 805 4649 aas
818 4557 915 4649 sordes.
951 4593 1070 4664 (Bened.)
