3144 4986
176 315 221 358 ,Π
679 289 845 334 ruarmo.

202 481 204 484 ·
238 445 275 510 Je
290 445 353 512 n’ci
368 467 424 532 pes
438 445 546 512 tronvd
566 447 595 512 le
616 469 690 514 nom
711 447 749 512 de
764 447 934 516 Primasius
955 445 1033 512 dans
1052 445 1262 534 l'inseription
1277 447 1332 512 des

176 563 300 628 livres.''

237 684 338 750 Huius
352 684 423 750 libri
438 685 606 766 Ducenda,
620 661 713 752 hodie
726 685 906 768 Brugensis,
920 687 1091 771 scripturas
1102 685 1221 769 aliquot
1231 705 1330 750 auno·

174 803 239 868 tavi
254 802 294 868 ad
309 825 397 890 capp.
413 806 442 870 2.
458 805 486 870 3.
502 808 532 868 0.
547 805 595 872 12.
610 806 657 871 13.
677 805 724 870 15.
743 807 790 871 16.
806 805 853 872 18.
867 802 1001 871 25-39.
1018 805 1069 872 43.
1084 805 1135 868 49.
1151 805 1201 868 50.
1218 805 1268 868 66.
1280 803 1331 870 81.

175 922 237 1005 84,
251 943 290 988 ex
306 924 417 1008 quibus
432 925 521 990 iscile
536 924 726 1008 intellegitur
739 946 802 992 non
813 925 946 992 multum
962 925 1138 1010 discrepare
1153 943 1224 990 enm
1239 925 1330 990 aRe-

174 1044 276 1106 mensi
290 1049 322 1106 et
335 1043 485 1126 Aegiensi
500 1043 598 1108 libris.

235 1165 287 1228 1v.
308 1163 465 1247 Anonymi
477 1164 637 1248 scriptoris
649 1161 791 1228 libellum
800 1165 985 1230 Adversus
998 1166 1330 1240 obscenissimes,

175 1282 257 1366 quod
272 1282 362 1365 vulgo
378 1281 568 1348 Tertulliano
583 1281 834 1366 adscribebatur,
855 1283 955 1366 edidi,
977 1286 1085 1368 paucis
1107 1285 1271 1366 correctis,
1293 1299 1341 1347 ex‘

174 1423 293 1488 nupera
310 1423 381 1468 moa
403 1402 539 1488 Operum
559 1401 744 1468 Tertulliani
764 1405 956 1470 recensione.
993 1403 1030 1468 V.
1051 1402 1235 1470 Tertulliani
1252 1402 1329 1489 Opp.

174 1521 222 1587 ed.
245 1521 357 1586 Oehler
371 1527 445 1586 tom.
460 1522 510 1604 11.,
525 1541 593 1607 pag.
610 1521 680 1585 151.
698 1542 777 1606 sqq„
791 1522 845 1588 ubi
868 1525 962 1588 etiam
981 1521 1020 1586 de
1041 1522 1174 1605 catalogi
1193 1523 1329 1586 010300-

174 1646 257 1708 01000
273 1641 348 1726 quid
362 1642 562 1707 statuendum
578 1662 646 1706 esse
661 1642 865 1726 probabiliter
880 1663 1041 1708 censerem
1056 1644 1195 1727 exposui.

235 1763 271 1826 V.
297 1760 694 1842 essuos-uieronymn
730 1761 892 1828 indiculus
926 1761 965 1828 do
994 1761 1183 1826 Haeresibus
1214 1759 1332 1846 prodiit

172 1901 254 1946 anno
269 1881 447 1947 MDCXVII.
462 1881 521 1946 hoc
536 1880 642 1946 titulo:
667 1880 717 1961 „S.
733 1881 918 1964 Hieronymi
932 1881 1156 1948 Stridonieusis
1170 1879 1330 1946 Indiculus

173 2001 212 2065 de
227 2001 414 2066 haeresibus
428 2000 621 2068 Iudaeorum.
644 1997 735 2064 Nunc
750 2002 886 2086 primum
904 2003 938 2064 in
957 2000 1061 2066 lucem
1076 2001 1179 2066 editus
1195 1999 1269 2065 curi
1283 1997 1329 2063 01.

171 2121 328 2202 11000011,
352 2119 515 2203 Iuliomegi
541 2119 679 2186 Andium
700 2121 923 2205 Propreetoris.
960 2119 1101 2185 Lutetiae
1129 2121 1328 2185 Parisiorum.

172 2240 264 2326 Apud
295 2239 514 2307 Sebastianum
545 2238 731 2326 Chappelet‚
761 2239 812 2304 viri
841 2239 993 2304 lacobaei
1023 2239 1081 2304 sub
1108 2241 1196 2324 signo
1222 2237 1329 2304 Olivae

170 2359 349 2426 leCXVll.
374 2360 450 2425 Cum
465 2359 625 2445 privilegio
641 2359 761 2441 110313.ἰ
785 2359 815 2424 13
831 2359 910 2424 liber
924 2361 1119 2442 rarissimus,
1135 2379 1226 2444 quem
1242 2363 1328 2443 post·
1443 2431 1459 2461 ·

171 2501 265 2564 qnam
297 2501 353 2566 per
386 2479 551 2565 plerasque
583 2480 765 2544 Gennaniae
798 2477 1003 2546 bibliothecas
1034 2479 1150 2544 frustra
1179 2479 1329 2562 quaesivi,

170 2621 226 2687 per
240 2599 364 2685 losephi
378 2598 519 2664 Muelleri
539 2599 575 2664 V.
592 2597 636 2664 01.
652 2597 877 2664 humanitatem
899 2597 937 2664 de
959 2597 1100 2684 exemplo
1116 2595 1328 2662 Bibliothecae

169 2720 405 2786 Ambrosianus·
416 2718 582 2784 Mediolani
597 2717 838 2803 transscriptnm
851 2719 980 2786 tandem
995 2710 1106 2784 nactus
1128 2739 1213 2799 sum,
1234 2737 1329 2781 unam

171 2845 202 2905 01
216 2841 344 2923 triginta
359 2839 575 2924 complectitur
589 2837 743 2924 pagellas,
763 2856 895 2922 quarum
909 2841 942 2904 in
958 2840 1067 2924 quinta
1081 2839 1148 2923 ipse
1167 2835 1328 2902 Indicnlns

171 2962 289 3046 incipit.
311 2959 384 3042 Peg.
401 2959 429 3024 3.
446 2965 478 3022 01
492 2979 559 3043 pag.
576 2957 606 3020 4.
630 2957 784 3023 dedicatio
799 2958 912 3042 legitur
928 2964 960 3022 01
971 2957 1126 3024 Praefatio
1143 2957 1236 3022 haec:

233 3079 521 3162 „Reuerendr'seirno
542 3076 808 3164 Sanctissimoqoe
827 3078 924 3142 Patri
942 3101 981 3142 oc
994 3077 1035 3142 D.
1052 3077 1093 3143 D.
1114 3075 1227 3142 Cereio
1242 3075 1328 3140 Bor·

168 3201 300 3286 portorio
315 3199 474 3284 Elpr'acopo
488 3197 690 3263 Namneteaoi.

233 3317 371 3384 Metabot
388 3318 484 3403 apelli
502 3319 631 3382 diuitiae
656 3327 790 3382 torrente
817 3319 881 3382 0010
908 3315 1108 3382 Bethleemito
1127 3325 1327 3404 praepotens,

171 3461 242 3508 cem
252 3436 460 3525 demieobiha,
470 3437 526 3502 aed
533 3437 630 3524 pleae
642 3435 870 3520 declinabitis,
884 3437 1046 3524 spicileps'o
1059 3459 1128 3518 000,
1135 3434 1327 3520 101001100-

172 3561 254 3624 deris
269 3581 355 3640 oros,
370 3558 1005 3642 100000100οοοΜ10001000000100100,
1029 3577 1090 3642 quo
1097 3555 1202 3642 socie,
1212 3555 1327 3640 ploro·

171 3682 230 3746 isos
244 3689 375 3760 1001000,
384 3679 528 3765 produnt
542 3677 670 3742 0000100
681 3699 788 3742 rerum
798 3699 975 3758 0000000000,
990 3687 1026 3740 01
1037 3675 1229 3740 (1000110010
1245 3671 1328 3738 Tor·

172 3811 250 3882 tare,
266 3801 374 3865 diune
389 3798 862 3863 11010011000001110000001000.
884 3795 925 3862 10
936 3796 996 3861 leae
1001 3795 1120 3884 feroci,
1124 3773 1329 3880 sarmentique

81 3923 86 3930 ’
172 3921 360 4006 emptorem
379 3929 485 4004 000010,
500 3919 687 4004 peroptimas
703 3917 823 4000 000010,
838 3927 913 4002 post
926 3927 972 3982 101
983 3917 1180 4001 inpactorum
1191 3915 1328 4002 prendas

172 4039 348 4126 metropoles
352 4087 362 4118 ,
378 4037 460 4102 lenio
474 4037 674 4122 aepleetaqoe
690 4039 889 4124 conquirens,
910 4039 956 4102 sic
971 4045 1125 4100 00000010
1139 4055 1215 4100 aero
1230 4033 1326 4099 Boea.

223 4250 248 4307 3.
265 4248 417 4320 Hieronymi
427 4248 521 4302 librum
534 4248 564 4302 de
577 4247 715 4320 Octoginta
727 4255 837 4319 quatuor
849 4247 1006 4312 haeresibus,
1023 4263 1101 4318 quem
1112 4245 1259 4318 Augustino
1272 4243 1328 4316 qui-

174 4345 233 4399 dem
244 4343 329 4397 ridere
341 4361 394 4396 nen
405 4341 485 4408 licuit,
502 4347 531 4394 ut
542 4343 596 4412 ipse
607 4349 716 4396 testatur
727 4342 755 4395 in
767 4343 870 4413 epilego
882 4341 964 4396 libelli
975 4341 1006 4395 de
1018 4341 1181 4406 Haeresibns,
1198 4355 1261 4393 sero
1273 4337 1327 4394 leb.

174 4437 309 4494 Tritbamii
319 4443 407 4490 umen
418 4437 582 4508 superstitem
594 4437 675 4490 luisse
687 4437 761 4490 docet
771 4437 875 4490 initium
886 4436 942 4490 eins
954 4436 1013 4489 libri
1025 4451 1042 4488 a
1052 4433 1193 4490 'lhithemie
1203 4449 1258 4504 sap.
1271 4433 1326 4486 100.
1419 4487 1424 4492 ,

175 4534 317 4606 prolatum:
335 4531 476 4585 Simonieci
487 4549 503 4584 a
515 4529 622 4585 Simone.
