<?xml version="1.0" encoding="UTF-8"?>
<!DOCTYPE html PUBLIC "-//W3C//DTD XHTML 1.0 Transitional//EN"
    "http://www.w3.org/TR/xhtml1/DTD/xhtml1-transitional.dtd">
<html xmlns="http://www.w3.org/1999/xhtml" xml:lang="en" lang="en">
 <head>
  <title>
</title>
<meta http-equiv="Content-Type" content="text/html;charset=utf-8" />
  <meta name='ocr-system' content='tesseract 3.04.00' />
  <meta name='ocr-capabilities' content='ocr_page ocr_carea ocr_par ocr_line ocrx_word'/>
</head>
<body>
  <div class='ocr_page' id='page_1' title='image "./corporishaerese04oehlgoog_0070.png"; bbox 0 0 3144 4986; ppageno 0'>
   <div class='ocr_carea' id='block_1_1' title="bbox 540 281 1287 348">
    <p class='ocr_par' dir='ltr' id='par_1_1' title="bbox 540 281 1287 348">
     <span class='ocr_line' id='line_1_1' title="bbox 540 281 1287 348; baseline -0.001 -20"><span class='ocrx_word' id='word_1_1' title='bbox 540 281 875 330; x_wconf 76' lang='lat' dir='ltr'><strong>commemoremus.</strong></span> <span class='ocrx_word' id='word_1_2' title='bbox 1245 284 1287 348; x_wconf 73' lang='lat'><strong>47</strong></span> 
     </span>
    </p>
   </div>
   <div class='ocr_carea' id='block_1_2' title="bbox 120 441 1450 2587">
    <p class='ocr_par' dir='ltr' id='par_1_2' title="bbox 120 441 1432 1764">
     <span class='ocr_line' id='line_1_2' title="bbox 184 441 1432 529; baseline -0.004 -21"><span class='ocrx_word' id='word_1_3' title='bbox 184 442 309 508; x_wconf 83' lang='lat' dir='ltr'><strong>Marcus</strong></span> <span class='ocrx_word' id='word_1_4' title='bbox 324 449 430 508; x_wconf 87' lang='lat' dir='ltr'><strong>autem</strong></span> <span class='ocrx_word' id='word_1_5' title='bbox 445 443 573 527; x_wconf 85' lang='lat' dir='ltr'><strong>quidam</strong></span> <span class='ocrx_word' id='word_1_6' title='bbox 592 450 665 529; x_wconf 88' lang='lat' dir='ltr'><strong>poet</strong></span> <span class='ocrx_word' id='word_1_7' title='bbox 684 446 780 512; x_wconf 87' lang='lat' dir='ltr'><strong>istum</strong></span> <span class='ocrx_word' id='word_1_8' title='bbox 795 459 957 508; x_wconf 86' lang='lat' dir='ltr'><strong>successor</strong></span> <span class='ocrx_word' id='word_1_9' title='bbox 971 441 1059 504; x_wconf 82' lang='lat' dir='ltr'><strong>eius·</strong></span> <span class='ocrx_word' id='word_1_10' title='bbox 1072 457 1240 506; x_wconf 86' lang='lat' dir='ltr'><strong>numerum</strong></span> <span class='ocrx_word' id='word_1_11' title='bbox 1254 443 1287 504; x_wconf 90' lang='lat' dir='ltr'><strong>et</strong></span> <span class='ocrx_word' id='word_1_12' title='bbox 1303 451 1353 504; x_wconf 71' lang='lat' dir='ltr'><strong>car·</strong></span> <span class='ocrx_word' id='word_1_13' title='bbox 1366 449 1432 492; x_wconf 73' lang='lat' dir='ltr'><strong>xm</strong></span> 
     </span>
     <span class='ocr_line' id='line_1_3' title="bbox 120 541 1284 630; baseline -0.003 -20"><span class='ocrx_word' id='word_1_14' title='bbox 120 565 302 611; x_wconf 83' lang='lat' dir='ltr'><strong>mensurum</strong></span> <span class='ocrx_word' id='word_1_15' title='bbox 317 552 350 610; x_wconf 86' lang='lat' dir='ltr'><strong>et</strong></span> <span class='ocrx_word' id='word_1_16' title='bbox 364 546 526 629; x_wconf 73' lang='lat' dir='ltr'><strong>caleulum,</strong></span> <span class='ocrx_word' id='word_1_17' title='bbox 541 549 694 612; x_wconf 84' lang='lat' dir='ltr'><strong>rationem</strong></span> <span class='ocrx_word' id='word_1_18' title='bbox 710 549 804 612; x_wconf 89' lang='lat' dir='ltr'><strong>etiam</strong></span> <span class='ocrx_word' id='word_1_19' title='bbox 825 544 1065 630; x_wconf 85' lang='lat' dir='ltr'><strong>computetionis</strong></span> <span class='ocrx_word' id='word_1_20' title='bbox 1080 543 1198 610; x_wconf 78' lang='lat' dir='ltr'><strong>iaciens</strong></span> <span class='ocrx_word' id='word_1_21' title='bbox 1212 541 1284 606; x_wconf 90' lang='lat' dir='ltr'><strong>lite-</strong></span> 
     </span>
     <span class='ocr_line' id='line_1_4' title="bbox 120 649 1285 734; baseline -0.002 -20"><span class='ocrx_word' id='word_1_22' title='bbox 120 649 264 731; x_wconf 64' lang='lat' dir='ltr'><strong>rarumb‚</strong></span> <span class='ocrx_word' id='word_1_23' title='bbox 289 653 380 734; x_wconf 90' lang='lat' dir='ltr'><strong>quasi</strong></span> <span class='ocrx_word' id='word_1_24' title='bbox 400 649 579 716; x_wconf 90' lang='lat' dir='ltr'><strong>verisimilis</strong></span> <span class='ocrx_word' id='word_1_25' title='bbox 605 657 638 714; x_wconf 86' lang='lat' dir='ltr'><strong>et</strong></span> <span class='ocrx_word' id='word_1_26' title='bbox 658 649 820 716; x_wconf 89' lang='lat' dir='ltr'><strong>cuiusdam</strong></span> <span class='ocrx_word' id='word_1_27' title='bbox 840 651 885 712; x_wconf 88' lang='lat' dir='ltr'><strong>rei</strong></span> <span class='ocrx_word' id='word_1_28' title='bbox 905 667 1005 714; x_wconf 87' lang='lat' dir='ltr'><strong>novae</strong></span> <span class='ocrx_word' id='word_1_29' title='bbox 1026 649 1187 728; x_wconf 85' lang='lat' dir='ltr'><strong>inventor,</strong></span> <span class='ocrx_word' id='word_1_30' title='bbox 1213 665 1285 712; x_wconf 90' lang='lat' dir='ltr'><strong>cnm</strong></span> 
     </span>
     <span class='ocr_line' id='line_1_5' title="bbox 122 749 1287 838; baseline 0 -22"><span class='ocrx_word' id='word_1_31' title='bbox 122 753 304 818; x_wconf 75' lang='lat' dir='ltr'><strong>aestimaret</strong></span> <span class='ocrx_word' id='word_1_32' title='bbox 323 775 343 817; x_wconf 86' lang='lat' dir='ltr'><strong>s</strong></span> <span class='ocrx_word' id='word_1_33' title='bbox 364 752 552 837; x_wconf 88' lang='lat' dir='ltr'><strong>quibusdam</strong></span> <span class='ocrx_word' id='word_1_34' title='bbox 573 773 606 818; x_wconf 87' lang='lat' dir='ltr'><strong>se</strong></span> <span class='ocrx_word' id='word_1_35' title='bbox 627 775 720 838; x_wconf 90' lang='lat' dir='ltr'><strong>posse</strong></span> <span class='ocrx_word' id='word_1_36' title='bbox 739 751 876 834; x_wconf 77' lang='lat' dir='ltr'><strong>landari,</strong></span> <span class='ocrx_word' id='word_1_37' title='bbox 896 771 960 818; x_wconf 90' lang='lat' dir='ltr'><strong>uon</strong></span> <span class='ocrx_word' id='word_1_38' title='bbox 980 753 1014 816; x_wconf 91' lang='lat' dir='ltr'><strong>iu</strong></span> <span class='ocrx_word' id='word_1_39' title='bbox 1034 771 1164 836; x_wconf 78' lang='lat' dir='ltr'><strong>parvam</strong></span> <span class='ocrx_word' id='word_1_40' title='bbox 1178 749 1287 816; x_wconf 88' lang='lat' dir='ltr'><strong>itidem</strong></span> 
     </span>
     <span class='ocr_line' id='line_1_6' title="bbox 122 852 1287 938; baseline -0.002 -18"><span class='ocrx_word' id='word_1_41' title='bbox 122 858 236 920; x_wconf 90' lang='lat' dir='ltr'><strong>erroris</strong></span> <span class='ocrx_word' id='word_1_42' title='bbox 251 858 384 920; x_wconf 80' lang='lat' dir='ltr'><strong>incurrit</strong></span> <span class='ocrx_word' id='word_1_43' title='bbox 398 859 577 922; x_wconf 74' lang='lat' dir='ltr'>amentiam.</span> <span class='ocrx_word' id='word_1_44' title='bbox 601 856 687 921; x_wconf 92' lang='lat' dir='ltr'><strong>Dicit</strong></span> <span class='ocrx_word' id='word_1_45' title='bbox 706 859 791 922; x_wconf 91' lang='lat' dir='ltr'><strong>enirn</strong></span> <span class='ocrx_word' id='word_1_46' title='bbox 811 858 870 921; x_wconf 82' lang='lat' dir='ltr'><strong>ita:</strong></span> <span class='ocrx_word' id='word_1_47' title='bbox 897 855 1016 937; x_wconf 80' lang='lat' dir='ltr'><strong>Viginti</strong></span> <span class='ocrx_word' id='word_1_48' title='bbox 1032 860 1163 938; x_wconf 82' lang='lat' dir='ltr'><strong>quotuor</strong></span> <span class='ocrx_word' id='word_1_49' title='bbox 1179 852 1287 918; x_wconf 83' lang='lat' dir='ltr'><strong>literae</strong></span> 
     </span>
     <span class='ocr_line' id='line_1_7' title="bbox 121 954 1289 1044; baseline -0.004 -22"><span class='ocrx_word' id='word_1_50' title='bbox 121 956 214 1042; x_wconf 80' lang='lat' dir='ltr'><strong>sunt}‚</strong></span> <span class='ocrx_word' id='word_1_51' title='bbox 235 979 314 1042; x_wconf 82' lang='lat' dir='ltr'><strong>qnae</strong></span> <span class='ocrx_word' id='word_1_52' title='bbox 337 959 562 1044; x_wconf 72' lang='lat' dir='ltr'>perfectionem</span> <span class='ocrx_word' id='word_1_53' title='bbox 575 959 695 1026; x_wconf 85' lang='lat' dir='ltr'><strong>hebent</strong></span> <span class='ocrx_word' id='word_1_54' title='bbox 709 961 848 1025; x_wconf 91' lang='lat' dir='ltr'><strong>omnium</strong></span> <span class='ocrx_word' id='word_1_55' title='bbox 862 977 975 1024; x_wconf 90' lang='lat' dir='ltr'><strong>rerum.</strong></span> <span class='ocrx_word' id='word_1_56' title='bbox 1012 955 1143 1042; x_wconf 81' lang='lat' dir='ltr'><strong>Propter</strong></span> <span class='ocrx_word' id='word_1_57' title='bbox 1159 954 1242 1040; x_wconf 92' lang='lat' dir='ltr'><strong>quod</strong></span> <span class='ocrx_word' id='word_1_58' title='bbox 1256 961 1289 1018; x_wconf 86' lang='lat' dir='ltr'><strong>ct</strong></span> 
     </span>
     <span class='ocr_line' id='line_1_8' title="bbox 122 1055 1288 1146; baseline 0 -22"><span class='ocrx_word' id='word_1_59' title='bbox 122 1060 282 1143; x_wconf 87' lang='lat' dir='ltr'><strong>Christus,</strong></span> <span class='ocrx_word' id='word_1_60' title='bbox 296 1064 415 1146; x_wconf 85' lang='lat' dir='ltr'><strong>inquit,</strong></span> <span class='ocrx_word' id='word_1_61' title='bbox 431 1062 569 1128; x_wconf 84' lang='lat' dir='ltr'><strong>dicebat:</strong></span> <span class='ocrx_word' id='word_1_62' title='bbox 590 1062 654 1146; x_wconf 81' lang='lat' dir='ltr'><strong>Ego</strong></span> <span class='ocrx_word' id='word_1_63' title='bbox 677 1083 747 1139; x_wconf 85' lang='lat' dir='ltr'><strong>sum</strong></span> <span class='ocrx_word' id='word_1_64' title='bbox 766 1061 793 1126; x_wconf 88' lang='grc' dir='ltr'>Α</span> <span class='ocrx_word' id='word_1_65' title='bbox 809 1068 842 1126; x_wconf 90' lang='lat' dir='ltr'><strong>st</strong></span> <span class='ocrx_word' id='word_1_66' title='bbox 854 1057 914 1124; x_wconf 68' lang='lat'><strong>9⁶.</strong></span> <span class='ocrx_word' id='word_1_67' title='bbox 948 1059 1082 1126; x_wconf 86' lang='lat' dir='ltr'><strong>Dicebat</strong></span> <span class='ocrx_word' id='word_1_68' title='bbox 1095 1062 1190 1124; x_wconf 87' lang='lat' dir='ltr'><strong>etiam</strong></span> <span class='ocrx_word' id='word_1_69' title='bbox 1205 1055 1288 1141; x_wconf 89' lang='lat' dir='ltr'><strong>quod</strong></span> 
     </span>
     <span class='ocr_line' id='line_1_9' title="bbox 121 1149 1289 1250; baseline -0.004 -23"><span class='ocrx_word' id='word_1_70' title='bbox 121 1165 157 1228; x_wconf 91' lang='lat' dir='ltr'><strong>in</strong></span> <span class='ocrx_word' id='word_1_71' title='bbox 171 1170 329 1248; x_wconf 89' lang='lat' dir='ltr'><strong>postremo</strong></span> <span class='ocrx_word' id='word_1_72' title='bbox 351 1170 491 1250; x_wconf 87' lang='lat' dir='ltr'><strong>tempore</strong></span> <span class='ocrx_word' id='word_1_73' title='bbox 506 1165 648 1230; x_wconf 89' lang='lat' dir='ltr'><strong>Christus</strong></span> <span class='ocrx_word' id='word_1_74' title='bbox 670 1164 878 1230; x_wconf 82' lang='lat' dir='ltr'><strong>¹descondet‘l</strong></span> <span class='ocrx_word' id='word_1_75' title='bbox 899 1163 939 1228; x_wconf 85' lang='lat' dir='ltr'><strong>sd</strong></span> <span class='ocrx_word' id='word_1_76' title='bbox 960 1163 1064 1228; x_wconf 91' lang='lat' dir='ltr'><strong>Iesum</strong></span> <span class='ocrx_word' id='word_1_77' title='bbox 1084 1149 1237 1244; x_wconf 79' lang='lat' dir='ltr'><strong>infigura</strong></span> <span class='ocrx_word' id='word_1_78' title='bbox 1257 1165 1289 1223; x_wconf 88' lang='lat' dir='ltr'><strong>et</strong></span> 
     </span>
     <span class='ocr_line' id='line_1_10' title="bbox 122 1263 1287 1352; baseline -0.003 -20"><span class='ocrx_word' id='word_1_79' title='bbox 122 1265 329 1332; x_wconf 89' lang='lat' dir='ltr'><strong>similitudine</strong></span> <span class='ocrx_word' id='word_1_80' title='bbox 342 1266 514 1350; x_wconf 84' lang='lat' dir='ltr'><strong>columbae,</strong></span> <span class='ocrx_word' id='word_1_81' title='bbox 530 1274 562 1332; x_wconf 91' lang='lat' dir='ltr'><strong>et</strong></span> <span class='ocrx_word' id='word_1_82' title='bbox 573 1267 731 1332; x_wconf 76' lang='lat' dir='ltr'><strong>Christum</strong></span> <span class='ocrx_word' id='word_1_83' title='bbox 745 1266 868 1352; x_wconf 73' lang='lat' dir='ltr'><strong>²ipsum</strong></span> <span class='ocrx_word' id='word_1_84' title='bbox 882 1265 1077 1332; x_wconf 79' lang='lat' dir='ltr'><strong>columbsm⁶</strong></span> <span class='ocrx_word' id='word_1_85' title='bbox 1092 1285 1161 1330; x_wconf 89' lang='lat' dir='ltr'><strong>esse</strong></span> <span class='ocrx_word' id='word_1_86' title='bbox 1176 1263 1287 1330; x_wconf 81' lang='lat' dir='ltr'><strong>³dooe·</strong></span> 
     </span>
     <span class='ocr_line' id='line_1_11' title="bbox 122 1365 1287 1454; baseline -0.003 -20"><span class='ocrx_word' id='word_1_87' title='bbox 122 1369 187 1450; x_wconf 76' lang='lat' dir='ltr'><strong>bat,</strong></span> <span class='ocrx_word' id='word_1_88' title='bbox 203 1389 282 1454; x_wconf 90' lang='lat' dir='ltr'><strong>quae</strong></span> <span class='ocrx_word' id='word_1_89' title='bbox 298 1369 476 1451; x_wconf 87' lang='lat' dir='ltr'><strong>descendit,</strong></span> <span class='ocrx_word' id='word_1_90' title='bbox 491 1372 603 1454; x_wconf 89' lang='lat' dir='ltr'><strong>inquit,</strong></span> <span class='ocrx_word' id='word_1_91' title='bbox 618 1369 658 1436; x_wconf 91' lang='lat' dir='ltr'><strong>ad</strong></span> <span class='ocrx_word' id='word_1_92' title='bbox 674 1369 838 1436; x_wconf 81' lang='lat' dir='ltr'><strong>duodecim</strong></span> <span class='ocrx_word' id='word_1_93' title='bbox 851 1371 988 1450; x_wconf 87' lang='lat' dir='ltr'><strong>Aeonas,</strong></span> <span class='ocrx_word' id='word_1_94' title='bbox 1002 1368 1036 1434; x_wconf 93' lang='lat' dir='ltr'><strong>id</strong></span> <span class='ocrx_word' id='word_1_95' title='bbox 1050 1374 1099 1432; x_wconf 88' lang='lat' dir='ltr'><strong>est</strong></span> <span class='ocrx_word' id='word_1_96' title='bbox 1114 1368 1154 1435; x_wconf 86' lang='lat' dir='ltr'><strong>ad</strong></span> <span class='ocrx_word' id='word_1_97' title='bbox 1169 1365 1287 1432; x_wconf 89' lang='lat' dir='ltr'><strong>duode-</strong></span> 
     </span>
     <span class='ocr_line' id='line_1_12' title="bbox 122 1469 1287 1556; baseline -0.001 -19"><span class='ocrx_word' id='word_1_98' title='bbox 122 1474 186 1537; x_wconf 90' lang='lat' dir='ltr'><strong>cim</strong></span> <span class='ocrx_word' id='word_1_99' title='bbox 201 1472 375 1556; x_wconf 82' lang='lat' dir='ltr'><strong>apostolos,</strong></span> <span class='ocrx_word' id='word_1_100' title='bbox 390 1479 423 1537; x_wconf 91' lang='lat' dir='ltr'><strong>et</strong></span> <span class='ocrx_word' id='word_1_101' title='bbox 437 1493 535 1538; x_wconf 88' lang='lat' dir='ltr'><strong>unum</strong></span> <span class='ocrx_word' id='word_1_102' title='bbox 549 1493 589 1536; x_wconf 87' lang='lat' dir='ltr'><strong>ex</strong></span> <span class='ocrx_word' id='word_1_103' title='bbox 604 1475 650 1538; x_wconf 89' lang='lat' dir='ltr'><strong>eis</strong></span> <span class='ocrx_word' id='word_1_104' title='bbox 665 1471 831 1554; x_wconf 82' lang='lat' dir='ltr'><strong>cecidisse,</strong></span> <span class='ocrx_word' id='word_1_105' title='bbox 846 1472 879 1538; x_wconf 94' lang='lat' dir='ltr'><strong>id</strong></span> <span class='ocrx_word' id='word_1_106' title='bbox 894 1478 943 1538; x_wconf 89' lang='lat' dir='ltr'><strong>ost</strong></span> <span class='ocrx_word' id='word_1_107' title='bbox 956 1471 1077 1554; x_wconf 86' lang='lat' dir='ltr'><strong>Iudam,</strong></span> <span class='ocrx_word' id='word_1_108' title='bbox 1092 1469 1287 1538; x_wconf 83' lang='lat' dir='ltr'><strong>aestimabat.</strong></span> 
     </span>
     <span class='ocr_line' id='line_1_13' title="bbox 121 1574 1289 1662; baseline -0.002 -24"><span class='ocrx_word' id='word_1_109' title='bbox 121 1574 282 1640; x_wconf 83' lang='lat' dir='ltr'><strong>Christum</strong></span> <span class='ocrx_word' id='word_1_110' title='bbox 297 1582 402 1640; x_wconf 85' lang='lat' dir='ltr'><strong>sutem</strong></span> <span class='ocrx_word' id='word_1_111' title='bbox 416 1575 573 1662; x_wconf 70' lang='lat' dir='ltr'><strong>putativef</strong></span> <span class='ocrx_word' id='word_1_112' title='bbox 590 1575 668 1642; x_wconf 90' lang='lat' dir='ltr'><strong>dicit</strong></span> <span class='ocrx_word' id='word_1_113' title='bbox 681 1578 874 1661; x_wconf 76' lang='lat' dir='ltr'><strong>apparuisse,</strong></span> <span class='ocrx_word' id='word_1_114' title='bbox 889 1582 921 1642; x_wconf 87' lang='lat' dir='ltr'><strong>et</strong></span> <span class='ocrx_word' id='word_1_115' title='bbox 934 1593 1064 1661; x_wconf 81' lang='lat' dir='ltr'><strong>pessum</strong></span> <span class='ocrx_word' id='word_1_116' title='bbox 1078 1575 1175 1640; x_wconf 81' lang='lat' dir='ltr'><strong>fuisse</strong></span> <span class='ocrx_word' id='word_1_117' title='bbox 1199 1575 1289 1658; x_wconf 81' lang='lat' dir='ltr'><strong>quusi</strong></span> 
     </span>
     <span class='ocr_line' id='line_1_14' title="bbox 122 1677 1134 1764; baseline -0.002 -22"><span class='ocrx_word' id='word_1_118' title='bbox 122 1697 180 1762; x_wconf 89' lang='lat' dir='ltr'><strong>per</strong></span> <span class='ocrx_word' id='word_1_119' title='bbox 195 1677 350 1762; x_wconf 80' lang='lat' dir='ltr'><strong>umbram,</strong></span> <span class='ocrx_word' id='word_1_120' title='bbox 364 1699 428 1746; x_wconf 90' lang='lat' dir='ltr'><strong>non</strong></span> <span class='ocrx_word' id='word_1_121' title='bbox 443 1685 549 1744; x_wconf 83' lang='lat' dir='ltr'><strong>tamen</strong></span> <span class='ocrx_word' id='word_1_122' title='bbox 564 1697 637 1744; x_wconf 85' lang='lat' dir='ltr'><strong>vere</strong></span> <span class='ocrx_word' id='word_1_123' title='bbox 651 1678 799 1764; x_wconf 76' lang='lat' dir='ltr'><strong>⁴passum</strong></span> <span class='ocrx_word' id='word_1_124' title='bbox 814 1699 941 1764; x_wconf 90' lang='lat' dir='ltr'><strong>corpore</strong></span> <span class='ocrx_word' id='word_1_125' title='bbox 956 1678 1134 1744; x_wconf 81' lang='lat' dir='ltr'><strong>arbitratur.</strong></span> 
     </span>
    </p>

    <p class='ocr_par' dir='ltr' id='par_1_3' title="bbox 121 1779 1450 2260">
     <span class='ocr_line' id='line_1_15' title="bbox 188 1779 1450 1856; baseline -0.003 -10"><span class='ocrx_word' id='word_1_126' title='bbox 188 1781 264 1846; x_wconf 90' lang='lat' dir='ltr'><strong>Post</strong></span> <span class='ocrx_word' id='word_1_127' title='bbox 277 1781 362 1849; x_wconf 90' lang='lat' dir='ltr'><strong>huuc</strong></span> <span class='ocrx_word' id='word_1_128' title='bbox 378 1781 604 1851; x_wconf 79' lang='lat' dir='ltr'><strong>²Colorbasus⁸</strong></span> <span class='ocrx_word' id='word_1_129' title='bbox 624 1781 769 1846; x_wconf 86' lang='lat' dir='ltr'><strong>similiter</strong></span> <span class='ocrx_word' id='word_1_130' title='bbox 788 1784 822 1846; x_wconf 91' lang='lat' dir='ltr'><strong>in</strong></span> <span class='ocrx_word' id='word_1_131' title='bbox 843 1781 942 1848; x_wconf 92' lang='lat' dir='ltr'><strong>literis</strong></span> <span class='ocrx_word' id='word_1_132' title='bbox 958 1787 990 1846; x_wconf 91' lang='lat' dir='ltr'><strong>et</strong></span> <span class='ocrx_word' id='word_1_133' title='bbox 1004 1801 1133 1846; x_wconf 89' lang='lat' dir='ltr'><strong>numero</strong></span> <span class='ocrx_word' id='word_1_134' title='bbox 1149 1779 1288 1846; x_wconf 88' lang='lat' dir='ltr'><strong>clemen·</strong></span> <span class='ocrx_word' id='word_1_135' title='bbox 1307 1804 1360 1856; x_wconf 62' lang='lat' dir='ltr'><strong>cap.</strong></span> <span class='ocrx_word' id='word_1_136' title='bbox 1373 1801 1450 1843; x_wconf 80' lang='lat' dir='ltr'><strong>xum.</strong></span> 
     </span>
     <span class='ocr_line' id='line_1_16' title="bbox 121 1884 1288 1971; baseline 0.002 -23"><span class='ocrx_word' id='word_1_137' title='bbox 121 1891 227 1948; x_wconf 88' lang='lat' dir='ltr'><strong>torum</strong></span> <span class='ocrx_word' id='word_1_138' title='bbox 241 1891 457 1970; x_wconf 78' lang='lat' dir='ltr'><strong>astrorumque</strong></span> <span class='ocrx_word' id='word_1_139' title='bbox 473 1891 595 1971; x_wconf 84' lang='lat' dir='ltr'><strong>septem</strong></span> <span class='ocrx_word' id='word_1_140' title='bbox 609 1887 708 1950; x_wconf 87' lang='lat' dir='ltr'><strong>vitam</strong></span> <span class='ocrx_word' id='word_1_141' title='bbox 723 1887 862 1950; x_wconf 84' lang='lat' dir='ltr'><strong>omnium</strong></span> <span class='ocrx_word' id='word_1_142' title='bbox 873 1884 1055 1950; x_wconf 83' lang='lat' dir='ltr'><strong>hominumb</strong></span> <span class='ocrx_word' id='word_1_143' title='bbox 1070 1889 1102 1948; x_wconf 92' lang='lat' dir='ltr'><strong>et</strong></span> <span class='ocrx_word' id='word_1_144' title='bbox 1112 1885 1288 1966; x_wconf 80' lang='lat' dir='ltr'><strong>generatio-</strong></span> 
     </span>
     <span class='ocr_line' id='line_1_17' title="bbox 123 1988 1288 2072; baseline 0 -20"><span class='ocrx_word' id='word_1_145' title='bbox 123 2007 198 2052; x_wconf 88' lang='lat' dir='ltr'><strong>nem</strong></span> <span class='ocrx_word' id='word_1_146' title='bbox 212 1990 383 2054; x_wconf 82' lang='lat' dir='ltr'><strong>consistere</strong></span> <span class='ocrx_word' id='word_1_147' title='bbox 398 1988 569 2070; x_wconf 79' lang='lat' dir='ltr'><strong>asserebat,</strong></span> <span class='ocrx_word' id='word_1_148' title='bbox 583 2008 648 2054; x_wconf 91' lang='lat' dir='ltr'><strong>non</strong></span> <span class='ocrx_word' id='word_1_149' title='bbox 663 1991 695 2052; x_wconf 92' lang='lat' dir='ltr'><strong>in</strong></span> <span class='ocrx_word' id='word_1_150' title='bbox 708 1988 824 2052; x_wconf 82' lang='lat' dir='ltr'><strong>Christi</strong></span> <span class='ocrx_word' id='word_1_151' title='bbox 834 1989 998 2052; x_wconf 86' lang='lat' dir='ltr'><strong>maiestate</strong></span> <span class='ocrx_word' id='word_1_152' title='bbox 1015 1992 1046 2052; x_wconf 90' lang='lat' dir='ltr'><strong>et</strong></span> <span class='ocrx_word' id='word_1_153' title='bbox 1067 1988 1217 2072; x_wconf 84' lang='lat' dir='ltr'><strong>potentio,</strong></span> <span class='ocrx_word' id='word_1_154' title='bbox 1232 2007 1288 2052; x_wconf 89' lang='lat' dir='ltr'><strong>ne·</strong></span> 
     </span>
     <span class='ocr_line' id='line_1_18' title="bbox 123 2087 1289 2178; baseline 0.002 -24"><span class='ocrx_word' id='word_1_155' title='bbox 123 2109 184 2174; x_wconf 89' lang='lat' dir='ltr'><strong>que</strong></span> <span class='ocrx_word' id='word_1_156' title='bbox 199 2091 233 2154; x_wconf 93' lang='lat' dir='ltr'><strong>in</strong></span> <span class='ocrx_word' id='word_1_157' title='bbox 248 2091 348 2175; x_wconf 85' lang='lat' dir='ltr'><strong>ipsius</strong></span> <span class='ocrx_word' id='word_1_158' title='bbox 365 2091 483 2158; x_wconf 87' lang='lat' dir='ltr'><strong>cernuli</strong></span> <span class='ocrx_word' id='word_1_159' title='bbox 498 2092 676 2176; x_wconf 85' lang='lat' dir='ltr'><strong>praeseutia</strong></span> <span class='ocrx_word' id='word_1_160' title='bbox 696 2087 819 2156; x_wconf 72' lang='lat' dir='ltr'><strong>²veram</strong></span> <span class='ocrx_word' id='word_1_161' title='bbox 838 2091 1003 2156; x_wconf 90' lang='lat' dir='ltr'><strong>homiuum</strong></span> <span class='ocrx_word' id='word_1_162' title='bbox 1023 2092 1140 2178; x_wconf 89' lang='lat' dir='ltr'><strong>sperari</strong></span> <span class='ocrx_word' id='word_1_163' title='bbox 1156 2089 1289 2156; x_wconf 72' lang='lat' dir='ltr'><strong>suumn</strong></span> 
     </span>
     <span class='ocr_line' id='line_1_19' title="bbox 122 2193 314 2260; baseline 0.01 -2"><span class='ocrx_word' id='word_1_164' title='bbox 122 2193 314 2260; x_wconf 76' lang='lat' dir='ltr'><strong>advertebat.</strong></span> 
     </span>
    </p>

    <p class='ocr_par' dir='ltr' id='par_1_4' title="bbox 123 2295 1447 2587">
     <span class='ocr_line' id='line_1_20' title="bbox 188 2295 1447 2381; baseline -0.003 -20"><span class='ocrx_word' id='word_1_165' title='bbox 188 2295 330 2361; x_wconf 79' lang='lat' dir='ltr'><strong>Cerdon²</strong></span> <span class='ocrx_word' id='word_1_166' title='bbox 345 2301 450 2362; x_wconf 86' lang='lat' dir='ltr'><strong>sutem</strong></span> <span class='ocrx_word' id='word_1_167' title='bbox 465 2296 592 2381; x_wconf 86' lang='lat' dir='ltr'><strong>quidum</strong></span> <span class='ocrx_word' id='word_1_168' title='bbox 607 2297 744 2362; x_wconf 83' lang='lat' dir='ltr'><strong>surrexit</strong></span> <span class='ocrx_word' id='word_1_169' title='bbox 757 2302 829 2381; x_wconf 92' lang='lat' dir='ltr'><strong>post</strong></span> <span class='ocrx_word' id='word_1_170' title='bbox 842 2297 911 2377; x_wconf 89' lang='lat' dir='ltr'><strong>hos,</strong></span> <span class='ocrx_word' id='word_1_171' title='bbox 926 2299 1015 2381; x_wconf 90' lang='lat' dir='ltr'><strong>peius</strong></span> <span class='ocrx_word' id='word_1_172' title='bbox 1030 2297 1095 2360; x_wconf 90' lang='lat' dir='ltr'><strong>suis</strong></span> <span class='ocrx_word' id='word_1_173' title='bbox 1111 2295 1289 2362; x_wconf 86' lang='lat' dir='ltr'><strong>doctoribus</strong></span> <span class='ocrx_word' id='word_1_174' title='bbox 1307 2318 1358 2370; x_wconf 67' lang='lat' dir='ltr'><strong>cip.</strong></span> <span class='ocrx_word' id='word_1_175' title='bbox 1371 2316 1447 2358; x_wconf 84' lang='lat' dir='ltr'><strong>xnrv.</strong></span> 
     </span>
     <span class='ocr_line' id='line_1_21' title="bbox 123 2398 1289 2484; baseline 0.001 -22"><span class='ocrx_word' id='word_1_176' title='bbox 123 2398 328 2484; x_wconf 79' lang='lat' dir='ltr'><strong>praedicans,</strong></span> <span class='ocrx_word' id='word_1_177' title='bbox 350 2401 404 2484; x_wconf 87' lang='lat' dir='ltr'><strong>qui</strong></span> <span class='ocrx_word' id='word_1_178' title='bbox 425 2420 497 2464; x_wconf 90' lang='lat' dir='ltr'><strong>curn</strong></span> <span class='ocrx_word' id='word_1_179' title='bbox 516 2401 656 2464; x_wconf 83' lang='lat' dir='ltr'><strong>venisset</strong></span> <span class='ocrx_word' id='word_1_180' title='bbox 670 2400 801 2468; x_wconf 84' lang='lat' dir='ltr'><strong>Romam</strong></span> <span class='ocrx_word' id='word_1_181' title='bbox 822 2398 860 2464; x_wconf 91' lang='lat' dir='ltr'><strong>de</strong></span> <span class='ocrx_word' id='word_1_182' title='bbox 876 2398 982 2484; x_wconf 87' lang='lat' dir='ltr'><strong>Syria,</strong></span> <span class='ocrx_word' id='word_1_183' title='bbox 1002 2419 1097 2463; x_wconf 85' lang='lat' dir='ltr'><strong>susus</strong></span> <span class='ocrx_word' id='word_1_184' title='bbox 1118 2405 1167 2463; x_wconf 86' lang='lat' dir='ltr'><strong>ost</strong></span> <span class='ocrx_word' id='word_1_185' title='bbox 1187 2398 1289 2464; x_wconf 90' lang='lat' dir='ltr'><strong>dicere</strong></span> 
     </span>
     <span class='ocr_line' id='line_1_22' title="bbox 123 2501 1291 2587; baseline -0.002 -21"><span class='ocrx_word' id='word_1_186' title='bbox 123 2501 186 2568; x_wconf 91' lang='lat' dir='ltr'><strong>duo</strong></span> <span class='ocrx_word' id='word_1_187' title='bbox 203 2522 271 2566; x_wconf 88' lang='lat' dir='ltr'><strong>esse</strong></span> <span class='ocrx_word' id='word_1_188' title='bbox 292 2503 477 2587; x_wconf 70' lang='lat' dir='ltr'><strong>principiob,</strong></span> <span class='ocrx_word' id='word_1_189' title='bbox 492 2501 525 2567; x_wconf 91' lang='lat' dir='ltr'><strong>id</strong></span> <span class='ocrx_word' id='word_1_190' title='bbox 541 2509 590 2568; x_wconf 90' lang='lat' dir='ltr'><strong>est</strong></span> <span class='ocrx_word' id='word_1_191' title='bbox 603 2523 702 2567; x_wconf 89' lang='lat' dir='ltr'><strong>unum</strong></span> <span class='ocrx_word' id='word_1_192' title='bbox 717 2502 809 2566; x_wconf 89' lang='lat' dir='ltr'><strong>deum</strong></span> <span class='ocrx_word' id='word_1_193' title='bbox 824 2501 942 2568; x_wconf 89' lang='lat' dir='ltr'><strong>bonum</strong></span> <span class='ocrx_word' id='word_1_194' title='bbox 957 2507 990 2565; x_wconf 90' lang='lat' dir='ltr'><strong>et</strong></span> <span class='ocrx_word' id='word_1_195' title='bbox 1003 2521 1101 2566; x_wconf 88' lang='lat' dir='ltr'><strong>uuum</strong></span> <span class='ocrx_word' id='word_1_196' title='bbox 1115 2501 1243 2585; x_wconf 73' lang='lat' dir='ltr'><strong>melum,</strong></span> <span class='ocrx_word' id='word_1_197' title='bbox 1259 2508 1291 2566; x_wconf 87' lang='lat' dir='ltr'><strong>et</strong></span> 
     </span>
    </p>
   </div>
   <div class='ocr_carea' id='block_1_3' title="bbox 122 2635 1290 2982">
    <p class='ocr_par' dir='ltr' id='par_1_5' title="bbox 122 2635 1289 2774">
     <span class='ocr_line' id='line_1_23' title="bbox 194 2635 1289 2708; baseline 0.001 -19"><span class='ocrx_word' id='word_1_198' title='bbox 194 2637 255 2706; x_wconf 83' lang='lat' dir='ltr'><strong>Cap.</strong></span> <span class='ocrx_word' id='word_1_199' title='bbox 266 2635 347 2690; x_wconf 81' lang='lat' dir='ltr'><strong>XLII.</strong></span> <span class='ocrx_word' id='word_1_200' title='bbox 360 2641 387 2688; x_wconf 81' lang='lat' dir='ltr'><strong>in</strong></span> <span class='ocrx_word' id='word_1_201' title='bbox 400 2637 481 2690; x_wconf 81' lang='lat' dir='ltr'><strong>Bate.</strong></span> <span class='ocrx_word' id='word_1_202' title='bbox 494 2641 644 2708; x_wconf 69' lang='lat' dir='ltr'><strong>inscriptum</strong></span> <span class='ocrx_word' id='word_1_203' title='bbox 656 2647 693 2690; x_wconf 80' lang='lat' dir='ltr'><strong>est</strong></span> <span class='ocrx_word' id='word_1_204' title='bbox 702 2638 823 2694; x_wconf 73' lang='lat' dir='ltr'><strong>Morcus.</strong></span> <span class='ocrx_word' id='word_1_205' title='bbox 836 2667 869 2676; x_wconf 96' lang='lat'><em>-</em></span> <span class='ocrx_word' id='word_1_206' title='bbox 895 2636 917 2690; x_wconf 90' lang='lat'><strong>1.</strong></span> <span class='ocrx_word' id='word_1_207' title='bbox 933 2635 1065 2692; x_wconf 89' lang='lat' dir='ltr'><strong>descendit</strong></span> <span class='ocrx_word' id='word_1_208' title='bbox 1077 2655 1098 2690; x_wconf 90' lang='lat' dir='ltr'><strong>o.</strong></span> <span class='ocrx_word' id='word_1_209' title='bbox 1122 2635 1146 2690; x_wconf 78' lang='lat'><strong>2.</strong></span> <span class='ocrx_word' id='word_1_210' title='bbox 1158 2637 1243 2708; x_wconf 85' lang='lat' dir='ltr'><strong>ipssrn</strong></span> <span class='ocrx_word' id='word_1_211' title='bbox 1255 2637 1289 2690; x_wconf 77' lang='lat' dir='ltr'><strong>A.</strong></span> 
     </span>
     <span class='ocr_line' id='line_1_24' title="bbox 122 2703 690 2774; baseline 0.004 -16"><span class='ocrx_word' id='word_1_212' title='bbox 122 2705 149 2758; x_wconf 82' lang='lat'><strong>3.</strong></span> <span class='ocrx_word' id='word_1_213' title='bbox 160 2703 265 2758; x_wconf 74' lang='lat' dir='ltr'><strong>dicebat</strong></span> <span class='ocrx_word' id='word_1_214' title='bbox 276 2705 311 2756; x_wconf 84' lang='grc' dir='ltr'><strong>Α.</strong></span> <span class='ocrx_word' id='word_1_215' title='bbox 334 2705 358 2757; x_wconf 83' lang='grc'><strong>4.</strong></span> <span class='ocrx_word' id='word_1_216' title='bbox 371 2721 479 2774; x_wconf 83' lang='lat' dir='ltr'><strong>pessum</strong></span> <span class='ocrx_word' id='word_1_217' title='bbox 490 2705 644 2760; x_wconf 81' lang='lat' dir='ltr'><strong>arbitratum</strong></span> <span class='ocrx_word' id='word_1_218' title='bbox 655 2705 690 2760; x_wconf 76' lang='lat' dir='ltr'><strong>A.</strong></span> 
     </span>
    </p>

    <p class='ocr_par' dir='ltr' id='par_1_6' title="bbox 122 2771 1290 2912">
     <span class='ocr_line' id='line_1_25' title="bbox 193 2771 1290 2844; baseline 0 -18"><span class='ocrx_word' id='word_1_219' title='bbox 193 2772 257 2844; x_wconf 84' lang='lat' dir='ltr'><strong>Cup.</strong></span> <span class='ocrx_word' id='word_1_220' title='bbox 268 2773 361 2826; x_wconf 79' lang='lat' dir='ltr'><strong>XLIH.</strong></span> <span class='ocrx_word' id='word_1_221' title='bbox 378 2777 406 2825; x_wconf 82' lang='lat' dir='ltr'><strong>in</strong></span> <span class='ocrx_word' id='word_1_222' title='bbox 419 2773 484 2827; x_wconf 86' lang='lat' dir='ltr'><strong>Bnb.</strong></span> <span class='ocrx_word' id='word_1_223' title='bbox 497 2773 604 2834; x_wconf 72' lang='lat' dir='ltr'><strong>Bessus.</strong></span> <span class='ocrx_word' id='word_1_224' title='bbox 618 2779 644 2826; x_wconf 83' lang='lat' dir='ltr'><strong>in</strong></span> <span class='ocrx_word' id='word_1_225' title='bbox 657 2793 678 2826; x_wconf 84' lang='lat' dir='ltr'><strong>c.</strong></span> <span class='ocrx_word' id='word_1_226' title='bbox 692 2775 862 2830; x_wconf 76' lang='lat' dir='ltr'><strong>Cononnssvs</strong></span> <span class='ocrx_word' id='word_1_227' title='bbox 874 2777 1024 2843; x_wconf 80' lang='lat' dir='ltr'><strong>inscriptum</strong></span> <span class='ocrx_word' id='word_1_228' title='bbox 1036 2783 1079 2826; x_wconf 83' lang='lat' dir='ltr'><strong>est.</strong></span> <span class='ocrx_word' id='word_1_229' title='bbox 1089 2803 1122 2814; x_wconf 89' lang='lat'>-</span> <span class='ocrx_word' id='word_1_230' title='bbox 1137 2772 1158 2826; x_wconf 95' lang='lat' dir='ltr'><strong>l.</strong></span> <span class='ocrx_word' id='word_1_231' title='bbox 1168 2771 1290 2826; x_wconf 79' lang='lat' dir='ltr'><strong>Colorha·</strong></span> 
     </span>
     <span class='ocr_line' id='line_1_26' title="bbox 122 2841 1290 2912; baseline 0.002 -18"><span class='ocrx_word' id='word_1_232' title='bbox 122 2859 169 2896; x_wconf 87' lang='lat' dir='ltr'><strong>sus</strong></span> <span class='ocrx_word' id='word_1_233' title='bbox 179 2859 211 2906; x_wconf 87' lang='lat' dir='ltr'><strong>o.‚</strong></span> <span class='ocrx_word' id='word_1_234' title='bbox 220 2861 252 2893; x_wconf 77' lang='lat' dir='ltr'><strong>ex</strong></span> <span class='ocrx_word' id='word_1_235' title='bbox 261 2843 384 2894; x_wconf 73' lang='lat' dir='ltr'><strong>mendac.</strong></span> <span class='ocrx_word' id='word_1_236' title='bbox 396 2841 489 2894; x_wconf 80' lang='lat' dir='ltr'><strong>Latini</strong></span> <span class='ocrx_word' id='word_1_237' title='bbox 499 2842 608 2895; x_wconf 81' lang='lat' dir='ltr'><strong>Latinii.</strong></span> <span class='ocrx_word' id='word_1_238' title='bbox 626 2843 782 2898; x_wconf 78' lang='lat' dir='ltr'><strong>Colorbesns</strong></span> <span class='ocrx_word' id='word_1_239' title='bbox 794 2843 839 2912; x_wconf 89' lang='lat' dir='ltr'><strong>qui</strong></span> <span class='ocrx_word' id='word_1_240' title='bbox 848 2843 881 2894; x_wconf 85' lang='grc' dir='ltr'><strong>Α.</strong></span> <span class='ocrx_word' id='word_1_241' title='bbox 894 2841 920 2896; x_wconf 89' lang='lat' dir='ltr'><strong>C.</strong></span> <span class='ocrx_word' id='word_1_242' title='bbox 928 2841 1028 2896; x_wconf 82' lang='lat' dir='ltr'><strong>Bassus</strong></span> <span class='ocrx_word' id='word_1_243' title='bbox 1038 2843 1137 2910; x_wconf 72' lang='lat' dir='ltr'><strong>reliqui.</strong></span> <span class='ocrx_word' id='word_1_244' title='bbox 1155 2841 1178 2896; x_wconf 76' lang='grc'><strong>8.</strong></span> <span class='ocrx_word' id='word_1_245' title='bbox 1188 2843 1290 2896; x_wconf 69' lang='lat' dir='ltr'><strong>sured.</strong></span> 
     </span>
    </p>

    <p class='ocr_par' dir='ltr' id='par_1_7' title="bbox 194 2907 882 2982">
     <span class='ocr_line' id='line_1_27' title="bbox 194 2907 882 2982; baseline 0.001 -18"><span class='ocrx_word' id='word_1_246' title='bbox 194 2909 256 2980; x_wconf 77' lang='lat' dir='ltr'><strong>Cep.</strong></span> <span class='ocrx_word' id='word_1_247' title='bbox 268 2907 361 2964; x_wconf 83' lang='lat' dir='ltr'><strong>XLIV.</strong></span> <span class='ocrx_word' id='word_1_248' title='bbox 373 2915 401 2962; x_wconf 84' lang='lat' dir='ltr'><strong>iu</strong></span> <span class='ocrx_word' id='word_1_249' title='bbox 416 2910 496 2964; x_wconf 84' lang='lat' dir='ltr'><strong>Bahc.</strong></span> <span class='ocrx_word' id='word_1_250' title='bbox 508 2915 658 2982; x_wconf 80' lang='lat' dir='ltr'><strong>inscriptum</strong></span> <span class='ocrx_word' id='word_1_251' title='bbox 670 2921 708 2964; x_wconf 80' lang='lat' dir='ltr'><strong>est</strong></span> <span class='ocrx_word' id='word_1_252' title='bbox 718 2911 835 2968; x_wconf 69' lang='lat' dir='ltr'><strong>Gonnos.</strong></span> <span class='ocrx_word' id='word_1_253' title='bbox 848 2941 882 2950; x_wconf 92' lang='lat'>-</span> 
     </span>
    </p>
   </div>
   <div class='ocr_carea' id='block_1_4' title="bbox 122 3045 1294 4350">
    <p class='ocr_par' dir='ltr' id='par_1_8' title="bbox 122 3045 1294 4350">
     <span class='ocr_line' id='line_1_28' title="bbox 157 3045 1291 3118; baseline 0.001 -17"><span class='ocrx_word' id='word_1_254' title='bbox 157 3046 309 3118; x_wconf 71' lang='lat' dir='ltr'><strong>capum</strong></span> <span class='ocrx_word' id='word_1_255' title='bbox 319 3079 352 3088; x_wconf 86' lang='lat'><strong>-—</strong></span> <span class='ocrx_word' id='word_1_256' title='bbox 362 3063 386 3100; x_wconf 86' lang='lat' dir='ltr'><strong>o.</strong></span> <span class='ocrx_word' id='word_1_257' title='bbox 398 3063 532 3101; x_wconf 88' lang='lat' dir='ltr'><strong>successor</strong></span> <span class='ocrx_word' id='word_1_258' title='bbox 541 3047 607 3118; x_wconf 87' lang='lat' dir='ltr'><strong>eius]</strong></span> <span class='ocrx_word' id='word_1_259' title='bbox 620 3047 685 3100; x_wconf 88' lang='lat' dir='ltr'><strong>Vide</strong></span> <span class='ocrx_word' id='word_1_260' title='bbox 736 3047 830 3118; x_wconf 77' lang='lat' dir='ltr'><strong>bosus]</strong></span> <span class='ocrx_word' id='word_1_261' title='bbox 857 3045 898 3100; x_wconf 79' lang='lat' dir='ltr'><strong>Ita</strong></span> <span class='ocrx_word' id='word_1_262' title='bbox 912 3045 981 3116; x_wconf 79' lang='lat' dir='ltr'><strong>apud</strong></span> <span class='ocrx_word' id='word_1_263' title='bbox 998 3045 1165 3102; x_wconf 71' lang='lat' dir='ltr'><strong>Philaenium</strong></span> <span class='ocrx_word' id='word_1_264' title='bbox 1181 3065 1238 3102; x_wconf 85' lang='lat' dir='ltr'><strong>esse</strong></span> <span class='ocrx_word' id='word_1_265' title='bbox 1255 3049 1291 3102; x_wconf 89' lang='lat' dir='ltr'><strong>le-</strong></span> 
     </span>
     <span class='ocr_line' id='line_1_29' title="bbox 123 3115 1291 3188; baseline -0.001 -16"><span class='ocrx_word' id='word_1_266' title='bbox 123 3133 191 3186; x_wconf 83' lang='lat' dir='ltr'><strong>quse</strong></span> <span class='ocrx_word' id='word_1_267' title='bbox 203 3115 240 3168; x_wconf 85' lang='lat' dir='ltr'><strong>ad</strong></span> <span class='ocrx_word' id='word_1_268' title='bbox 248 3121 326 3186; x_wconf 82' lang='lat' dir='ltr'><strong>caput</strong></span> <span class='ocrx_word' id='word_1_269' title='bbox 337 3117 456 3186; x_wconf 87' lang='lat' dir='ltr'><strong>superius</strong></span> <span class='ocrx_word' id='word_1_270' title='bbox 467 3118 599 3170; x_wconf 78' lang='lat' dir='ltr'><strong>annotavi.</strong></span> <span class='ocrx_word' id='word_1_271' title='bbox 610 3117 685 3170; x_wconf 87' lang='lat' dir='ltr'><strong>Hunc</strong></span> <span class='ocrx_word' id='word_1_272' title='bbox 755 3117 851 3170; x_wconf 87' lang='lat' dir='ltr'><strong>endum</strong></span> <span class='ocrx_word' id='word_1_273' title='bbox 870 3132 916 3186; x_wconf 87' lang='lat' dir='ltr'><strong>pro</strong></span> <span class='ocrx_word' id='word_1_274' title='bbox 938 3115 965 3168; x_wconf 78' lang='lat'><strong>0.</strong></span> <span class='ocrx_word' id='word_1_275' title='bbox 987 3115 1098 3181; x_wconf 83' lang='lat' dir='ltr'><strong>Bassus,</strong></span> <span class='ocrx_word' id='word_1_276' title='bbox 1118 3117 1171 3170; x_wconf 85' lang='lat' dir='ltr'><strong>iam</strong></span> <span class='ocrx_word' id='word_1_277' title='bbox 1190 3117 1291 3188; x_wconf 87' lang='lat' dir='ltr'><strong>pridem</strong></span> 
     </span>
     <span class='ocr_line' id='line_1_30' title="bbox 122 3133 1292 3254; baseline 0 -16"><span class='ocrx_word' id='word_1_278' title='bbox 122 3187 243 3238; x_wconf 76' lang='lat' dir='ltr'><strong>Mmcnm</strong></span> <span class='ocrx_word' id='word_1_279' title='bbox 255 3201 314 3237; x_wconf 87' lang='lat' dir='ltr'><strong>cum</strong></span> <span class='ocrx_word' id='word_1_280' title='bbox 326 3185 415 3238; x_wconf 78' lang='lat' dir='ltr'><strong>Marco</strong></span> <span class='ocrx_word' id='word_1_281' title='bbox 427 3185 506 3254; x_wconf 84' lang='lat' dir='ltr'><strong>louge</strong></span> <span class='ocrx_word' id='word_1_282' title='bbox 518 3185 618 3238; x_wconf 89' lang='lat' dir='ltr'><strong>iuniore</strong></span> <span class='ocrx_word' id='word_1_283' title='bbox 630 3183 684 3240; x_wconf 89' lang='lat' dir='ltr'><strong>Pri·</strong></span> <span class='ocrx_word' id='word_1_284' title='bbox 734 3133 843 3241; x_wconf 73' lang='lat' dir='ltr'><strong>datione</strong></span> <span class='ocrx_word' id='word_1_285' title='bbox 855 3183 972 3238; x_wconf 77' lang='lat' dir='ltr'><strong>Latinius</strong></span> <span class='ocrx_word' id='word_1_286' title='bbox 983 3189 1052 3238; x_wconf 88' lang='lat' dir='ltr'><strong>recte</strong></span> <span class='ocrx_word' id='word_1_287' title='bbox 1063 3185 1204 3238; x_wconf 79' lang='lat' dir='ltr'><strong>annotavit.</strong></span> <span class='ocrx_word' id='word_1_288' title='bbox 1216 3186 1240 3238; x_wconf 78' lang='lat' dir='ltr'>A</span> <span class='ocrx_word' id='word_1_289' title='bbox 1259 3185 1292 3238; x_wconf 91' lang='lat' dir='ltr'><strong>nd</strong></span> 
     </span>
     <span class='ocr_line' id='line_1_31' title="bbox 123 3251 1292 3322; baseline 0 -16"><span class='ocrx_word' id='word_1_290' title='bbox 123 3254 279 3306; x_wconf 80' lang='lat' dir='ltr'><strong>scithauista</strong></span> <span class='ocrx_word' id='word_1_291' title='bbox 302 3251 438 3306; x_wconf 81' lang='lat' dir='ltr'><strong>confundit</strong></span> <span class='ocrx_word' id='word_1_292' title='bbox 461 3253 487 3304; x_wconf 89' lang='grc'><strong>8.</strong></span> <span class='ocrx_word' id='word_1_293' title='bbox 510 3253 684 3322; x_wconf 79' lang='lat' dir='ltr'><strong>Hieronymus</strong></span> <span class='ocrx_word' id='word_1_294' title='bbox 735 3253 852 3308; x_wconf 85' lang='lat' dir='ltr'><strong>Nicetem</strong></span> <span class='ocrx_word' id='word_1_295' title='bbox 867 3251 911 3306; x_wconf 80' lang='lat' dir='ltr'><strong>iv.</strong></span> <span class='ocrx_word' id='word_1_296' title='bbox 924 3252 948 3305; x_wconf 80' lang='lat'><strong>7.</strong></span> <span class='ocrx_word' id='word_1_297' title='bbox 964 3253 1033 3306; x_wconf 83' lang='lat' dir='ltr'><strong>mule</strong></span> <span class='ocrx_word' id='word_1_298' title='bbox 1047 3252 1205 3306; x_wconf 78' lang='lat' dir='ltr'><strong>Colobormr.</strong></span> <span class='ocrx_word' id='word_1_299' title='bbox 1250 3269 1292 3306; x_wconf 82' lang='lat' dir='ltr'><strong>ee·</strong></span> 
     </span>
     <span class='ocr_line' id='line_1_32' title="bbox 122 3321 1292 3391; baseline 0.003 -17"><span class='ocrx_word' id='word_1_300' title='bbox 122 3321 206 3391; x_wconf 82' lang='lat' dir='ltr'><strong>Epist.</strong></span> <span class='ocrx_word' id='word_1_301' title='bbox 219 3321 261 3373; x_wconf 75' lang='grc'><strong>89.</strong></span> <span class='ocrx_word' id='word_1_302' title='bbox 279 3325 305 3373; x_wconf 85' lang='lat' dir='ltr'><strong>et</strong></span> <span class='ocrx_word' id='word_1_303' title='bbox 316 3321 350 3374; x_wconf 84' lang='lat' dir='ltr'><strong>ud</strong></span> <span class='ocrx_word' id='word_1_304' title='bbox 361 3321 454 3374; x_wconf 79' lang='lat' dir='ltr'><strong>Esaiae</strong></span> <span class='ocrx_word' id='word_1_305' title='bbox 466 3321 557 3376; x_wconf 81' lang='lat' dir='ltr'><strong>LXIV.</strong></span> <span class='ocrx_word' id='word_1_306' title='bbox 570 3326 599 3374; x_wconf 91' lang='lat' dir='ltr'><strong>ut</strong></span> <span class='ocrx_word' id='word_1_307' title='bbox 610 3327 683 3374; x_wconf 83' lang='lat' dir='ltr'><strong>notu-</strong></span> <span class='ocrx_word' id='word_1_308' title='bbox 734 3327 819 3376; x_wconf 86' lang='lat' dir='ltr'><strong>terum</strong></span> <span class='ocrx_word' id='word_1_309' title='bbox 838 3339 892 3375; x_wconf 91' lang='lat' dir='ltr'><strong>non</strong></span> <span class='ocrx_word' id='word_1_310' title='bbox 912 3327 972 3391; x_wconf 85' lang='lat' dir='ltr'><strong>post</strong></span> <span class='ocrx_word' id='word_1_311' title='bbox 990 3322 1108 3374; x_wconf 79' lang='lat' dir='ltr'><strong>Murcum</strong></span> <span class='ocrx_word' id='word_1_312' title='bbox 1127 3321 1222 3388; x_wconf 84' lang='lat' dir='ltr'><strong>inisse,</strong></span> <span class='ocrx_word' id='word_1_313' title='bbox 1246 3321 1292 3376; x_wconf 86' lang='lat' dir='ltr'><strong>sed</strong></span> 
     </span>
     <span class='ocr_line' id='line_1_33' title="bbox 122 3387 1291 3460; baseline 0.002 -18"><span class='ocrx_word' id='word_1_314' title='bbox 122 3391 160 3442; x_wconf 85' lang='lat' dir='ltr'><strong>vit</strong></span> <span class='ocrx_word' id='word_1_315' title='bbox 172 3389 318 3442; x_wconf 88' lang='lat' dir='ltr'><strong>Cotelerius</strong></span> <span class='ocrx_word' id='word_1_316' title='bbox 336 3390 368 3442; x_wconf 89' lang='lat' dir='ltr'><strong>ad</strong></span> <span class='ocrx_word' id='word_1_317' title='bbox 381 3389 530 3443; x_wconf 77' lang='lat' dir='ltr'><strong>Constituti.</strong></span> <span class='ocrx_word' id='word_1_318' title='bbox 542 3389 683 3460; x_wconf 81' lang='lat' dir='ltr'><strong>Apostolic.</strong></span> <span class='ocrx_word' id='word_1_319' title='bbox 735 3390 820 3444; x_wconf 88' lang='lat' dir='ltr'><strong>eidem</strong></span> <span class='ocrx_word' id='word_1_320' title='bbox 839 3390 979 3460; x_wconf 81' lang='lat' dir='ltr'><strong>praeivisse</strong></span> <span class='ocrx_word' id='word_1_321' title='bbox 997 3387 1167 3444; x_wconf 79' lang='lat' dir='ltr'><strong>Colorbssum</strong></span> <span class='ocrx_word' id='word_1_322' title='bbox 1187 3396 1291 3444; x_wconf 90' lang='lat' dir='ltr'><strong>conteu-</strong></span> 
     </span>
     <span class='ocr_line' id='line_1_34' title="bbox 122 3457 1292 3523; baseline 0.001 -12"><span class='ocrx_word' id='word_1_323' title='bbox 122 3458 167 3511; x_wconf 80' lang='lat' dir='ltr'><strong>VI.</strong></span> <span class='ocrx_word' id='word_1_324' title='bbox 178 3457 204 3511; x_wconf 84' lang='grc'><strong>8.</strong></span> <span class='ocrx_word' id='word_1_325' title='bbox 228 3458 272 3522; x_wconf 83' lang='lat' dir='ltr'><strong>(F.</strong></span> <span class='ocrx_word' id='word_1_326' title='bbox 272 3463 287 3523; x_wconf 82' lang='lat'><em>&gt;</em></span> <span class='ocrx_word' id='word_1_327' title='bbox 735 3459 773 3514; x_wconf 90' lang='lat' dir='ltr'><strong>dit</strong></span> <span class='ocrx_word' id='word_1_328' title='bbox 784 3459 861 3512; x_wconf 86' lang='lat' dir='ltr'><strong>Heur.</strong></span> <span class='ocrx_word' id='word_1_329' title='bbox 873 3457 1020 3511; x_wconf 82' lang='lat' dir='ltr'><strong>Doduelius</strong></span> <span class='ocrx_word' id='word_1_330' title='bbox 1037 3458 1098 3512; x_wconf 83' lang='lat' dir='ltr'><strong>diss.</strong></span> <span class='ocrx_word' id='word_1_331' title='bbox 1112 3459 1146 3512; x_wconf 85' lang='lat' dir='ltr'><strong>ad</strong></span> <span class='ocrx_word' id='word_1_332' title='bbox 1157 3459 1292 3514; x_wconf 80' lang='lat' dir='ltr'><strong>Irenaeum</strong></span> 
     </span>
     <span class='ocr_line' id='line_1_35' title="bbox 158 3525 1292 3598; baseline 0.002 -20"><span class='ocrx_word' id='word_1_333' title='bbox 158 3527 184 3578; x_wconf 91' lang='lat' dir='ltr'><strong>b.</strong></span> <span class='ocrx_word' id='word_1_334' title='bbox 202 3525 555 3596; x_wconf 83' lang='lat' dir='ltr'><strong>computationislitersrum]</strong></span> <span class='ocrx_word' id='word_1_335' title='bbox 574 3526 685 3596; x_wconf 83' lang='lat' dir='ltr'><strong>Copiose</strong></span> <span class='ocrx_word' id='word_1_336' title='bbox 735 3544 760 3598; x_wconf 92' lang='lat' dir='ltr'><strong>p.</strong></span> <span class='ocrx_word' id='word_1_337' title='bbox 772 3525 831 3590; x_wconf 75' lang='lat'><strong>326,</strong></span> <span class='ocrx_word' id='word_1_338' title='bbox 843 3543 897 3596; x_wconf 88' lang='lat' dir='ltr'><strong>seq.</strong></span> <span class='ocrx_word' id='word_1_339' title='bbox 916 3526 1021 3596; x_wconf 86' lang='lat' dir='ltr'><strong>[Neque</strong></span> <span class='ocrx_word' id='word_1_340' title='bbox 1035 3537 1095 3596; x_wconf 78' lang='lat' dir='ltr'><strong>pose</strong></span> <span class='ocrx_word' id='word_1_341' title='bbox 1108 3543 1211 3598; x_wconf 87' lang='lat' dir='ltr'><strong>semper</strong></span> <span class='ocrx_word' id='word_1_342' title='bbox 1227 3533 1292 3580; x_wconf 85' lang='lat' dir='ltr'><strong>tem·</strong></span> 
     </span>
     <span class='ocr_line' id='line_1_36' title="bbox 124 3593 1292 3666; baseline 0.001 -20"><span class='ocrx_word' id='word_1_343' title='bbox 124 3595 155 3646; x_wconf 87' lang='lat' dir='ltr'><strong>de</strong></span> <span class='ocrx_word' id='word_1_344' title='bbox 167 3593 305 3647; x_wconf 82' lang='lat' dir='ltr'><strong>hisMurci</strong></span> <span class='ocrx_word' id='word_1_345' title='bbox 316 3595 398 3664; x_wconf 81' lang='lat' dir='ltr'><strong>gerris</strong></span> <span class='ocrx_word' id='word_1_346' title='bbox 410 3593 570 3665; x_wconf 81' lang='lat' dir='ltr'><strong>Epiphanius</strong></span> <span class='ocrx_word' id='word_1_347' title='bbox 583 3593 685 3648; x_wconf 87' lang='lat' dir='ltr'><strong>haeresi</strong></span> <span class='ocrx_word' id='word_1_348' title='bbox 735 3595 805 3666; x_wconf 88' lang='lat' dir='ltr'><strong>poris</strong></span> <span class='ocrx_word' id='word_1_349' title='bbox 826 3599 867 3648; x_wconf 87' lang='lat' dir='ltr'><strong>est</strong></span> <span class='ocrx_word' id='word_1_350' title='bbox 886 3600 960 3660; x_wconf 80' lang='lat' dir='ltr'><strong>note,</strong></span> <span class='ocrx_word' id='word_1_351' title='bbox 980 3595 1027 3648; x_wconf 87' lang='lat' dir='ltr'><strong>ssd</strong></span> <span class='ocrx_word' id='word_1_352' title='bbox 1046 3601 1076 3648; x_wconf 90' lang='lat' dir='ltr'><strong>ut</strong></span> <span class='ocrx_word' id='word_1_353' title='bbox 1092 3596 1160 3666; x_wconf 78' lang='lat' dir='ltr'><strong>upud</strong></span> <span class='ocrx_word' id='word_1_354' title='bbox 1179 3595 1292 3650; x_wconf 82' lang='lat' dir='ltr'><strong>Grsccos</strong></span> 
     </span>
     <span class='ocr_line' id='line_1_37' title="bbox 124 3661 1291 3744; baseline -0.002 -29"><span class='ocrx_word' id='word_1_355' title='bbox 124 3663 174 3726; x_wconf 64' lang='lat'><strong>34„</strong></span> <span class='ocrx_word' id='word_1_356' title='bbox 188 3679 222 3715; x_wconf 87' lang='lat' dir='ltr'><strong>ex</strong></span> <span class='ocrx_word' id='word_1_357' title='bbox 234 3662 334 3716; x_wconf 85' lang='lat' dir='ltr'><strong>Irensei</strong></span> <span class='ocrx_word' id='word_1_358' title='bbox 347 3663 390 3716; x_wconf 89' lang='lat' dir='ltr'><strong>lib.</strong></span> <span class='ocrx_word' id='word_1_359' title='bbox 404 3665 427 3715; x_wconf 94' lang='grc'><strong>1.</strong></span> <span class='ocrx_word' id='word_1_360' title='bbox 440 3681 461 3716; x_wconf 90' lang='lat' dir='ltr'><strong>c.</strong></span> <span class='ocrx_word' id='word_1_361' title='bbox 476 3663 515 3717; x_wconf 91' lang='grc'><strong>10.</strong></span> <span class='ocrx_word' id='word_1_362' title='bbox 527 3679 581 3734; x_wconf 86' lang='lat' dir='ltr'><strong>seq.</strong></span> <span class='ocrx_word' id='word_1_363' title='bbox 598 3669 624 3716; x_wconf 92' lang='lat' dir='ltr'><strong>et</strong></span> <span class='ocrx_word' id='word_1_364' title='bbox 635 3663 684 3716; x_wconf 79' lang='lat' dir='ltr'><strong>viri</strong></span> <span class='ocrx_word' id='word_1_365' title='bbox 736 3661 874 3732; x_wconf 65' lang='lat' dir='ltr'><strong>persidem</strong></span> <span class='ocrx_word' id='word_1_366' title='bbox 882 3679 961 3733; x_wconf 85' lang='lat' dir='ltr'><strong>saepe</strong></span> <span class='ocrx_word' id='word_1_367' title='bbox 970 3669 1011 3716; x_wconf 87' lang='lat' dir='ltr'><strong>est</strong></span> <span class='ocrx_word' id='word_1_368' title='bbox 1037 3664 1087 3718; x_wconf 89' lang='lat' dir='ltr'><strong>nod</strong></span> <span class='ocrx_word' id='word_1_369' title='bbox 1094 3667 1225 3744; x_wconf 62' lang='lat' dir='ltr'><strong>praem]</strong></span> <span class='ocrx_word' id='word_1_370' title='bbox 1234 3663 1291 3727; x_wconf 83' lang='lat' dir='ltr'><strong>(F.)</strong></span> 
     </span>
     <span class='ocr_line' id='line_1_38' title="bbox 124 3679 1293 3852; baseline 0.001 -69"><span class='ocrx_word' id='word_1_371' title='bbox 124 3730 394 3784; x_wconf 80' lang='lat' dir='ltr'><strong>doctiedlrenaeum.</strong></span> <span class='ocrx_word' id='word_1_372' title='bbox 423 3732 481 3796; x_wconf 88' lang='lat' dir='ltr'><em>(F.)</em></span> <span class='ocrx_word' id='word_1_373' title='bbox 769 3733 794 3785; x_wconf 92' lang='lat' dir='ltr'><strong>b.</strong></span> <span class='ocrx_word' id='word_1_374' title='bbox 812 3679 1183 3852; x_wconf 43' lang='lat' dir='ltr'><strong>ritamomniumqnommnmp</strong></span> <span class='ocrx_word' id='word_1_375' title='bbox 1196 3731 1293 3786; x_wconf 77' lang='lat' dir='ltr'><strong>Auctor</strong></span> 
     </span>
     <span class='ocr_line' id='line_1_39' title="bbox 158 3799 1292 3870; baseline 0 -18"><span class='ocrx_word' id='word_1_376' title='bbox 158 3815 181 3852; x_wconf 85' lang='lat' dir='ltr'><strong>c.</strong></span> <span class='ocrx_word' id='word_1_377' title='bbox 199 3799 257 3868; x_wconf 79' lang='lat' dir='ltr'><strong>Ego</strong></span> <span class='ocrx_word' id='word_1_378' title='bbox 272 3817 331 3852; x_wconf 88' lang='lat' dir='ltr'><strong>surn</strong></span> <span class='ocrx_word' id='word_1_379' title='bbox 343 3803 362 3851; x_wconf 84' lang='lat' dir='ltr'><strong>h</strong></span> <span class='ocrx_word' id='word_1_380' title='bbox 376 3799 448 3868; x_wconf 77' lang='lat' dir='ltr'><strong>eeu]</strong></span> <span class='ocrx_word' id='word_1_381' title='bbox 466 3801 572 3870; x_wconf 77' lang='lat' dir='ltr'><strong>Apocal.</strong></span> <span class='ocrx_word' id='word_1_382' title='bbox 585 3799 605 3852; x_wconf 89' lang='lat'><strong>1.</strong></span> <span class='ocrx_word' id='word_1_383' title='bbox 617 3799 641 3852; x_wconf 90' lang='grc'><strong>8.</strong></span> <span class='ocrx_word' id='word_1_384' title='bbox 734 3799 922 3854; x_wconf 83' lang='lat' dir='ltr'><strong>Praedestinsti</strong></span> <span class='ocrx_word' id='word_1_385' title='bbox 942 3815 999 3870; x_wconf 77' lang='lat' dir='ltr'><strong>cap.</strong></span> <span class='ocrx_word' id='word_1_386' title='bbox 1021 3799 1060 3854; x_wconf 85' lang='lat'><strong>15.</strong></span> <span class='ocrx_word' id='word_1_387' title='bbox 1085 3799 1116 3852; x_wconf 89' lang='lat' dir='ltr'><strong>de</strong></span> <span class='ocrx_word' id='word_1_388' title='bbox 1137 3799 1173 3852; x_wconf 87' lang='lat' dir='ltr'><strong>Co</strong></span> <span class='ocrx_word' id='word_1_389' title='bbox 1185 3800 1292 3854; x_wconf 80' lang='lat' dir='ltr'><strong>orbosor</strong></span> 
     </span>
     <span class='ocr_line' id='line_1_40' title="bbox 158 3867 1292 3950; baseline 0 -30"><span class='ocrx_word' id='word_1_390' title='bbox 158 3868 183 3920; x_wconf 93' lang='lat' dir='ltr'><strong>d.</strong></span> <span class='ocrx_word' id='word_1_391' title='bbox 201 3867 347 3936; x_wconf 86' lang='lat' dir='ltr'><strong>descendit]</strong></span> <span class='ocrx_word' id='word_1_392' title='bbox 364 3867 405 3921; x_wconf 77' lang='lat' dir='ltr'><strong>lta</strong></span> <span class='ocrx_word' id='word_1_393' title='bbox 420 3869 513 3938; x_wconf 77' lang='lat' dir='ltr'><strong>scripsi</strong></span> <span class='ocrx_word' id='word_1_394' title='bbox 523 3885 570 3950; x_wconf 84' lang='lat' dir='ltr'><strong>pro</strong></span> <span class='ocrx_word' id='word_1_395' title='bbox 583 3871 684 3922; x_wconf 68' lang='lat' dir='ltr'><strong>mecon·</strong></span> <span class='ocrx_word' id='word_1_396' title='bbox 737 3869 843 3930; x_wconf 80' lang='lat' dir='ltr'><strong>„Vitam</strong></span> <span class='ocrx_word' id='word_1_397' title='bbox 855 3887 948 3921; x_wconf 77' lang='lat' dir='ltr'><strong>moriem</strong></span> <span class='ocrx_word' id='word_1_398' title='bbox 960 3869 1083 3922; x_wconf 78' lang='lat' dir='ltr'><strong>hominnm</strong></span> <span class='ocrx_word' id='word_1_399' title='bbox 1094 3871 1122 3919; x_wconf 82' lang='lat' dir='ltr'><strong>in</strong></span> <span class='ocrx_word' id='word_1_400' title='bbox 1132 3877 1224 3936; x_wconf 78' lang='lat' dir='ltr'><strong>septem</strong></span> <span class='ocrx_word' id='word_1_401' title='bbox 1234 3869 1292 3920; x_wconf 78' lang='lat' dir='ltr'><strong>utel·</strong></span> 
     </span>
     <span class='ocr_line' id='line_1_41' title="bbox 125 3935 1292 4008; baseline 0 -21"><span class='ocrx_word' id='word_1_402' title='bbox 125 3939 168 3988; x_wconf 79' lang='lat' dir='ltr'><strong>det</strong></span> <span class='ocrx_word' id='word_1_403' title='bbox 202 3937 255 3990; x_wconf 92' lang='lat' dir='ltr'><strong>nod</strong></span> <span class='ocrx_word' id='word_1_404' title='bbox 272 3943 329 3989; x_wconf 85' lang='lat' dir='ltr'><strong>erat</strong></span> <span class='ocrx_word' id='word_1_405' title='bbox 343 3937 436 3990; x_wconf 78' lang='lat' dir='ltr'><strong>vitiose</strong></span> <span class='ocrx_word' id='word_1_406' title='bbox 452 3938 479 3990; x_wconf 90' lang='lat' dir='ltr'><strong>in</strong></span> <span class='ocrx_word' id='word_1_407' title='bbox 491 3936 685 4008; x_wconf 85' lang='lat' dir='ltr'><strong>puoribnssdi·</strong></span> <span class='ocrx_word' id='word_1_408' title='bbox 737 3939 952 4007; x_wconf 77' lang='lat' dir='ltr'><strong>iieessepoeitom</strong></span> <span class='ocrx_word' id='word_1_409' title='bbox 967 3935 1127 4006; x_wconf 77' lang='lat' dir='ltr'><strong>affirmabat,</strong></span> <span class='ocrx_word' id='word_1_410' title='bbox 1144 3935 1229 3988; x_wconf 76' lang='lat' dir='ltr'><strong>ettae</strong></span> <span class='ocrx_word' id='word_1_411' title='bbox 1240 3954 1292 3988; x_wconf 81' lang='lat' dir='ltr'><strong>erre</strong></span> 
     </span>
     <span class='ocr_line' id='line_1_42' title="bbox 125 4005 1292 4075; baseline 0.002 -19"><span class='ocrx_word' id='word_1_412' title='bbox 125 4005 192 4058; x_wconf 81' lang='lat' dir='ltr'><strong>tioui</strong></span> <span class='ocrx_word' id='word_1_413' title='bbox 210 4022 250 4058; x_wconf 86' lang='lat' dir='ltr'><strong>us.</strong></span> <span class='ocrx_word' id='word_1_414' title='bbox 275 4005 332 4070; x_wconf 81' lang='lat' dir='ltr'><strong>(F.)</strong></span> <span class='ocrx_word' id='word_1_415' title='bbox 736 4015 827 4075; x_wconf 85' lang='lat' dir='ltr'><strong>septem</strong></span> <span class='ocrx_word' id='word_1_416' title='bbox 845 4007 967 4058; x_wconf 72' lang='lat' dir='ltr'><strong>ecclesium</strong></span> <span class='ocrx_word' id='word_1_417' title='bbox 984 4013 1115 4072; x_wconf 68' lang='lat' dir='ltr'><strong>seraptem</strong></span> <span class='ocrx_word' id='word_1_418' title='bbox 1133 4005 1292 4058; x_wconf 80' lang='lat' dir='ltr'><strong>candelabro</strong></span> 
     </span>
     <span class='ocr_line' id='line_1_43' title="bbox 158 4071 1229 4144; baseline 0 -18"><span class='ocrx_word' id='word_1_419' title='bbox 158 4091 182 4126; x_wconf 88' lang='lat' dir='ltr'><strong>e.</strong></span> <span class='ocrx_word' id='word_1_420' title='bbox 201 4072 333 4126; x_wconf 84' lang='lat' dir='ltr'><strong>Christum</strong></span> <span class='ocrx_word' id='word_1_421' title='bbox 349 4074 509 4141; x_wconf 82' lang='lat' dir='ltr'><strong>columbam]</strong></span> <span class='ocrx_word' id='word_1_422' title='bbox 527 4074 685 4144; x_wconf 85' lang='lat' dir='ltr'><strong>Hooprohu-</strong></span> <span class='ocrx_word' id='word_1_423' title='bbox 737 4071 1141 4128; x_wconf 80' lang='lat' dir='ltr'><strong>anreacouahamradstruere.”</strong></span> <span class='ocrx_word' id='word_1_424' title='bbox 1172 4073 1229 4138; x_wconf 83' lang='lat' dir='ltr'><strong>(F).</strong></span> 
     </span>
     <span class='ocr_line' id='line_1_44' title="bbox 127 4139 1293 4262; baseline 0 -68"><span class='ocrx_word' id='word_1_425' title='bbox 127 4141 284 4195; x_wconf 71' lang='lat' dir='ltr'><strong>bernaerus</strong></span> <span class='ocrx_word' id='word_1_426' title='bbox 294 4159 376 4208; x_wconf 86' lang='lat' dir='ltr'><strong>exeo,</strong></span> <span class='ocrx_word' id='word_1_427' title='bbox 388 4143 459 4212; x_wconf 87' lang='lat' dir='ltr'><strong>quod</strong></span> <span class='ocrx_word' id='word_1_428' title='bbox 469 4159 502 4196; x_wconf 85' lang='lat' dir='ltr'><strong>cx</strong></span> <span class='ocrx_word' id='word_1_429' title='bbox 513 4143 594 4196; x_wconf 87' lang='lat' dir='ltr'><strong>literis</strong></span> <span class='ocrx_word' id='word_1_430' title='bbox 605 4142 685 4196; x_wconf 82' lang='lat' dir='ltr'><strong>Grae·</strong></span> <span class='ocrx_word' id='word_1_431' title='bbox 771 4141 990 4262; x_wconf 60' lang='lat' dir='ltr'><strong>Csp.X1dV37·</strong></span> <span class='ocrx_word' id='word_1_432' title='bbox 1010 4155 1034 4192; x_wconf 81' lang='lat' dir='ltr'><strong>a.</strong></span> <span class='ocrx_word' id='word_1_433' title='bbox 1052 4139 1177 4262; x_wconf 47' lang='lat' dir='ltr'><strong>Cordum}</strong></span> <span class='ocrx_word' id='word_1_434' title='bbox 1191 4140 1222 4196; x_wconf 91' lang='lat' dir='ltr'><strong>In</strong></span> <span class='ocrx_word' id='word_1_435' title='bbox 1239 4141 1293 4194; x_wconf 79' lang='lat' dir='ltr'><strong>vito</strong></span> 
     </span>
     <span class='ocr_line' id='line_1_45' title="bbox 127 4207 1292 4280; baseline 0.003 -19"><span class='ocrx_word' id='word_1_436' title='bbox 127 4210 163 4262; x_wconf 87' lang='lat' dir='ltr'><strong>cis</strong></span> <span class='ocrx_word' id='word_1_437' title='bbox 175 4211 296 4264; x_wconf 80' lang='lat' dir='ltr'><strong>vocabuli</strong></span> <span class='ocrx_word' id='word_1_438' title='bbox 308 4227 337 4262; x_wconf 78' lang='lat' dir='ltr'><strong>nr</strong></span> <span class='ocrx_word' id='word_1_439' title='bbox 354 4208 447 4280; x_wconf 78' lang='grc' dir='ltr'><strong>ιστερᾶ,</strong></span> <span class='ocrx_word' id='word_1_440' title='bbox 460 4227 526 4280; x_wconf 86' lang='lat' dir='ltr'><strong>quse</strong></span> <span class='ocrx_word' id='word_1_441' title='bbox 539 4212 686 4264; x_wconf 84' lang='lat' dir='ltr'><strong>columbam</strong></span> <span class='ocrx_word' id='word_1_442' title='bbox 737 4209 801 4280; x_wconf 83' lang='lat' dir='ltr'><strong>Step</strong></span> <span class='ocrx_word' id='word_1_443' title='bbox 821 4211 864 4263; x_wconf 89' lang='lat' dir='ltr'><strong>uni</strong></span> <span class='ocrx_word' id='word_1_444' title='bbox 885 4209 996 4262; x_wconf 86' lang='lat' dir='ltr'><strong>qurorrs</strong></span> <span class='ocrx_word' id='word_1_445' title='bbox 1018 4207 1138 4278; x_wconf 79' lang='grc' dir='ltr'>Κερδονᾶς</span> <span class='ocrx_word' id='word_1_446' title='bbox 1179 4211 1292 4264; x_wconf 78' lang='grc' dir='ltr'><strong>,4.Μο-</strong></span> 
     </span>
     <span class='ocr_line' id='line_1_46' title="bbox 128 4229 1294 4350; baseline 0.002 -21"><span class='ocrx_word' id='word_1_447' title='bbox 128 4279 268 4346; x_wconf 75' lang='lat' dir='ltr'><strong>significat,</strong></span> <span class='ocrx_word' id='word_1_448' title='bbox 288 4229 374 4350; x_wconf 80' lang='lat' dir='ltr'><strong>prodit</strong></span> <span class='ocrx_word' id='word_1_449' title='bbox 389 4297 514 4332; x_wconf 86' lang='lat' dir='ltr'><strong>numerus</strong></span> <span class='ocrx_word' id='word_1_450' title='bbox 534 4279 601 4343; x_wconf 69' lang='lat'>801„</span> <span class='ocrx_word' id='word_1_451' title='bbox 617 4279 686 4332; x_wconf 87' lang='lat' dir='ltr'><strong>idem</strong></span> <span class='ocrx_word' id='word_1_452' title='bbox 737 4276 1294 4348; x_wconf 73' lang='lat' dir='ltr'><strong>numentor.Coteleriip.4dl.1nssophronii</strong></span> 
     </span>
    </p>
   </div>
   <div class='ocr_carea' id='block_1_5' title="bbox 130 4341 1292 4624">
    <p class='ocr_par' dir='ltr' id='par_1_9' title="bbox 130 4341 1292 4624">
     <span class='ocr_line' id='line_1_47' title="bbox 130 4341 1292 4468; baseline 0 -69"><span class='ocrx_word' id='word_1_453' title='bbox 130 4363 207 4413; x_wconf 82' lang='lat' dir='ltr'><strong>quem</strong></span> <span class='ocrx_word' id='word_1_454' title='bbox 217 4347 328 4400; x_wconf 87' lang='lat' dir='ltr'><strong>reddunt</strong></span> <span class='ocrx_word' id='word_1_455' title='bbox 338 4349 439 4401; x_wconf 76' lang='lat' dir='ltr'><strong>litterae</strong></span> <span class='ocrx_word' id='word_1_456' title='bbox 450 4349 471 4400; x_wconf 76' lang='lat' dir='ltr'><strong>A</strong></span> <span class='ocrx_word' id='word_1_457' title='bbox 483 4355 508 4401; x_wconf 89' lang='lat' dir='ltr'><strong>et</strong></span> <span class='ocrx_word' id='word_1_458' title='bbox 520 4347 550 4400; x_wconf 78' lang='grc' dir='ltr'><strong>Ω.</strong></span> <span class='ocrx_word' id='word_1_459' title='bbox 563 4347 627 4401; x_wconf 85' lang='lat' dir='ltr'><strong>Vide</strong></span> <span class='ocrx_word' id='word_1_460' title='bbox 635 4347 687 4402; x_wconf 81' lang='lat' dir='ltr'><strong>Ire·</strong></span> <span class='ocrx_word' id='word_1_461' title='bbox 736 4346 854 4416; x_wconf 80' lang='lat' dir='ltr'><strong>Epistola</strong></span> <span class='ocrx_word' id='word_1_462' title='bbox 862 4345 961 4468; x_wconf 68' lang='lat' dir='ltr'><strong>dipteri</strong></span> <span class='ocrx_word' id='word_1_463' title='bbox 973 4341 1091 4428; x_wconf 64' lang='lat' dir='ltr'><strong>depictus.</strong></span> <span class='ocrx_word' id='word_1_464' title='bbox 1100 4346 1136 4398; x_wconf 88' lang='lat' dir='ltr'><strong>id.</strong></span> <span class='ocrx_word' id='word_1_465' title='bbox 1146 4345 1190 4399; x_wconf 90' lang='lat'><strong>111.</strong></span> <span class='ocrx_word' id='word_1_466' title='bbox 1199 4363 1224 4416; x_wconf 91' lang='lat' dir='ltr'><strong>p.</strong></span> <span class='ocrx_word' id='word_1_467' title='bbox 1234 4346 1292 4400; x_wconf 77' lang='lat'><strong>627.</strong></span> 
     </span>
     <span class='ocr_line' id='line_1_48' title="bbox 131 4413 1247 4538; baseline 0 -72"><span class='ocrx_word' id='word_1_468' title='bbox 131 4415 418 4538; x_wconf 48' lang='lat' dir='ltr'><strong>unpumugpp&#39;ipiipbd.</strong></span> <span class='ocrx_word' id='word_1_469' title='bbox 430 4421 457 4469; x_wconf 88' lang='lat' dir='ltr'><strong>et</strong></span> <span class='ocrx_word' id='word_1_470' title='bbox 468 4416 508 4469; x_wconf 83' lang='grc'><strong>71.</strong></span> <span class='ocrx_word' id='word_1_471' title='bbox 538 4417 595 4482; x_wconf 86' lang='lat' dir='ltr'><strong>(F.)</strong></span> <span class='ocrx_word' id='word_1_472' title='bbox 737 4415 879 4468; x_wconf 83' lang='lat' dir='ltr'><strong>utinirao.</strong></span> <span class='ocrx_word' id='word_1_473' title='bbox 908 4413 1164 4480; x_wconf 61' lang='grc' dir='ltr'><strong>ἎΝοοῒπεανόητος.</strong></span> <span class='ocrx_word' id='word_1_474' title='bbox 1189 4414 1247 4480; x_wconf 83' lang='lat' dir='ltr'><strong>(F.)</strong></span> 
     </span>
     <span class='ocr_line' id='line_1_49' title="bbox 164 4501 1291 4624; baseline 0 -18"><span class='ocrx_word' id='word_1_475' title='bbox 164 4501 286 4622; x_wconf 57' lang='lat' dir='ltr'><strong>Culpltb</strong></span> <span class='ocrx_word' id='word_1_476' title='bbox 346 4583 380 4596; x_wconf 89' lang='lat'>-</span> <span class='ocrx_word' id='word_1_477' title='bbox 395 4569 421 4608; x_wconf 82' lang='lat' dir='ltr'><strong>a.</strong></span> <span class='ocrx_word' id='word_1_478' title='bbox 437 4553 501 4610; x_wconf 87' lang='lat' dir='ltr'><strong>Post</strong></span> <span class='ocrx_word' id='word_1_479' title='bbox 512 4551 582 4609; x_wconf 87' lang='lat' dir='ltr'><strong>hunc</strong></span> <span class='ocrx_word' id='word_1_480' title='bbox 597 4553 686 4610; x_wconf 83' lang='lat' dir='ltr'><strong>Color·</strong></span> <span class='ocrx_word' id='word_1_481' title='bbox 738 4553 849 4612; x_wconf 81' lang='lat' dir='ltr'><strong>elesiest.</strong></span> <span class='ocrx_word' id='word_1_482' title='bbox 864 4551 1164 4624; x_wconf 66' lang='lat' dir='ltr'><strong>Domanompagoi.</strong></span> <span class='ocrx_word' id='word_1_483' title='bbox 1183 4555 1239 4617; x_wconf 75' lang='lat' dir='ltr'><strong>„oei</strong></span> <span class='ocrx_word' id='word_1_484' title='bbox 1252 4571 1291 4607; x_wconf 78' lang='lat' dir='ltr'><strong>ce-</strong></span> 
     </span>
    </p>
   </div>
   <div class='ocr_carea' id='block_1_6' title="bbox 364 4477 1292 4555">
    <p class='ocr_par' dir='ltr' id='par_1_10' title="bbox 364 4477 1292 4555">
     <span class='ocr_line' id='line_1_50' title="bbox 364 4477 1292 4555; baseline -0.002 -15"><span class='ocrx_word' id='word_1_485' title='bbox 364 4500 430 4555; x_wconf 84' lang='lat' dir='ltr'><strong>uprs</strong></span> <span class='ocrx_word' id='word_1_486' title='bbox 441 4477 463 4538; x_wconf 79' lang='lat' dir='ltr'><strong>ir.</strong></span> <span class='ocrx_word' id='word_1_487' title='bbox 474 4483 516 4538; x_wconf 79' lang='lat'><strong>32.</strong></span> <span class='ocrx_word' id='word_1_488' title='bbox 528 4502 553 4554; x_wconf 91' lang='lat' dir='ltr'><strong>p.</strong></span> <span class='ocrx_word' id='word_1_489' title='bbox 566 4485 607 4538; x_wconf 86' lang='grc'><strong>88.</strong></span> <span class='ocrx_word' id='word_1_490' title='bbox 771 4485 797 4537; x_wconf 92' lang='lat' dir='ltr'><strong>b.</strong></span> <span class='ocrx_word' id='word_1_491' title='bbox 815 4483 866 4538; x_wconf 90' lang='lat' dir='ltr'><strong>duo</strong></span> <span class='ocrx_word' id='word_1_492' title='bbox 882 4481 1019 4554; x_wconf 80' lang='lat' dir='ltr'><strong>principis]</strong></span> <span class='ocrx_word' id='word_1_493' title='bbox 1039 4481 1188 4536; x_wconf 82' lang='lat' dir='ltr'><strong>Gennadius</strong></span> <span class='ocrx_word' id='word_1_494' title='bbox 1201 4483 1234 4536; x_wconf 89' lang='lat' dir='ltr'><strong>ds</strong></span> <span class='ocrx_word' id='word_1_495' title='bbox 1245 4483 1292 4538; x_wconf 79' lang='lat' dir='ltr'><strong>ue-</strong></span> 
     </span>
    </p>
   </div>
   <div class='ocr_carea' id='block_1_7' title="bbox 0 0 1588 4986">
    <p class='ocr_par' dir='ltr' id='par_1_11' title="bbox 0 0 1588 4986">
     <span class='ocr_line' id='line_1_51' title="bbox 0 0 1588 4986; baseline 0 0"><span class='ocrx_word' id='word_1_496' title='bbox 0 0 1588 4986; x_wconf 95' lang='lat' dir='ltr'><strong> </strong></span> 
     </span>
    </p>
   </div>
  </div>
 </body>
</html>
