3120 4994
309 293 372 360 306
728 293 858 337 umerus
870 293 1052 338 mmmm

308 449 419 514 viduas
434 451 462 514 si
474 449 649 536 nupserint,
663 456 812 536 tanquam
826 451 983 518 adulteras
998 451 1158 532 damnem,
1171 449 1351 516 mundiores
1365 469 1398 513 se
1410 467 1459 514 ce·

231 546 237 557 '
308 555 384 617 teris
398 551 588 638 praedicant.
612 553 671 632 Qui
685 573 799 619 nomen
814 575 905 620 suum
920 557 947 620 si
962 573 1147 640 cognoscere
1162 552 1297 636 vellent,
1313 573 1346 618 se
1360 551 1460 638 potius

307 655 481 722 mundanos
497 675 590 740 quam
605 656 756 722 ⁵mundos
769 663 926 722 vocarent.

370 759 419 824 29.
442 757 584 824 Pauliaui
606 779 625 822 a
645 759 742 824 Paulo
765 759 967 828 Samosateno
990 762 1092 826 vocati
1111 765 1202 841 sunt,
1224 759 1279 844 qui
1300 757 1384 823 dixit
1403 777 1462 822 nou

307 881 430 946 semper
444 861 541 925 fuisse
557 860 726 945 Christum,
741 862 797 928 sed
812 883 831 926 a
845 863 942 927 Maria
956 862 1127 948 empsisse
1143 862 1276 926 initium.
1544 939 1545 946 ἵ

370 963 421 1028 30.
443 963 685 1048 Hermogeniani
699 965 739 1030 ab
754 965 947 1050 Hermogene
963 965 1098 1050 quodam
1108 967 1221 1047 vocati,
1236 965 1291 1048 qui
1300 964 1464 1028 materiam
1479 973 1485 992 ·

305 1086 370 1132 non
384 1071 492 1131 natam
505 1066 708 1133 introducens
724 1067 781 1134 deo
796 1089 860 1134 nou
874 1075 948 1133 nato
964 1089 1034 1134 eam
1049 1069 1255 1154 comparavit,
1268 1073 1463 1150 matremque

307 1168 532 1235 elementorum
546 1174 578 1234 et
593 1168 684 1236 deam
699 1174 841 1238 asseruit.
874 1171 956 1250 Quos
972 1170 1130 1258 apostolus
1145 1168 1311 1256 improbat,
1326 1169 1463 1234 elemen-

305 1272 347 1338 tis
362 1273 543 1338 servientes.

369 1375 419 1440 31.
441 1374 615 1440 Manichaei
629 1395 649 1438 a
663 1375 796 1460 quodam
816 1376 911 1442 Persa
930 1376 1100 1442 extiterunt
1119 1377 1172 1461 qui
1191 1381 1319 1441 vocatus
1335 1380 1388 1439 est
1399 1373 1462 1440 Mn·

306 1497 372 1542 nes.
409 1477 468 1542 Hic
484 1477 562 1544 duas
576 1485 704 1544 naturas
719 1485 751 1543 et
765 1479 958 1544 substantias
973 1477 1160 1560 introduxit,
1180 1478 1213 1542 id
1234 1483 1285 1542 est
1301 1477 1421 1544 bonam
1434 1481 1465 1541 et

306 1579 435 1663 malam,
457 1586 490 1644 et
510 1581 630 1646 animas
651 1601 691 1645 ex
710 1581 766 1647 deo
789 1585 879 1666 qnasi
900 1603 938 1647 ex
959 1581 1062 1666 aliquo
1077 1581 1163 1646 lente
1177 1601 1304 1645 manue
1319 1581 1463 1646 asseruit

306 1681 542 1748 Testamentum
555 1689 646 1750 vetus
660 1691 822 1770 respuunt,
836 1705 950 1750 novum
967 1705 1006 1750 ex
1020 1691 1107 1770 parte
1123 1685 1286 1769 recipiunt
1301 1744 1304 1752 .

369 1786 420 1850 32.
443 1785 639 1869 ‘huomianh
655 1789 707 1871 qui
722 1786 831 1852 Latine
846 1790 914 1854 sine
928 1787 996 1871 lego
1012 1787 1168 1852 dicuutur.

368 1888 419 1954 33.
441 1889 779 1976 anthropomorphitae
801 1889 877 1955 dicti
896 1911 951 1976 pro
972 1911 1008 1956 eo
1030 1889 1112 1974 quod
1132 1887 1331 1974 simplicitate
1347 1890 1464 1953 rustica

306 1989 399 2056 deum
412 1990 528 2056 habere
543 1991 680 2056 humana
694 1993 850 2074 membra,
871 2012 948 2076 quae
963 1995 998 2056 in
1012 1991 1126 2057 divinis
1141 1991 1230 2056 libris
1245 1993 1366 2077 scripta
1380 1995 1464 2072 sunt,

305 2093 504 2158 arbitrantur.
527 2087 695 2184 Ἄνθρωπος
709 2095 794 2160 enim
810 2096 937 2176 Graece,
951 2093 1060 2159 Latine
1074 2093 1166 2159 homo
1178 2093 1302 2176 dicitur,
1315 2096 1462 2177 ignorau-

304 2201 353 2262 tes
367 2215 475 2262 vocam
490 2195 619 2280 domini,
634 2198 688 2282 qui
702 2200 759 2262 ait:
775 2197 927 2283 ⁷Spiritus
942 2203 1071 2264 sanctus
1086 2197 1161 2262 deus
1177 2203 1233 2261 ost
1258 2197 1463 2283 incorporeus

306 2297 382 2364 deus
394 2305 443 2364 est
454 2301 548 2382 enim,
560 2301 774 2366 necmembris
782 2299 993 2384 distinguitur,
1004 2320 1061 2364 nec
1071 2301 1206 2386 corporis
1215 2299 1296 2365 mole
1305 2305 1462 2364 censetur.

368 2402 419 2468 34.
441 2401 610 2468 ⁸Eraclitae
625 2403 664 2468 ab
678 2402 798 2469 Eraclia
814 2409 939 2468 auctore
954 2405 1062 2468 exorti.
1090 2401 1258 2468 Monachus
1272 2407 1400 2468 tantum
1413 2421 1462 2468 ro·

305 2506 440 2591 cipiunt,
460 2507 603 2590 coniugia
620 2512 788 2592 respuunt,
809 2505 954 2591 parvulos
973 2505 1088 2572 habere
1108 2525 1203 2590 regna
1223 2505 1382 2571 caelorum
1399 2524 1462 2571 ucu

305 2607 444 2674 eredunt.

367 2709 418 2776 35.
440 2709 607 2777 Novatiani
621 2732 641 2775 a
654 2711 773 2777 Novato
788 2711 876 2778 urbis
890 2711 1006 2777 Romae
1021 2711 1202 2797 presbytero
1214 2711 1324 2793 exorti,
1339 2713 1394 2796 qui
1404 2709 1461 2774 ad-

303 2831 413 2878 versus
428 2813 605 2878 Cornelium
619 2813 798 2879 cathedram
813 2813 1037 2881 sacerdotalem
1052 2819 1181 2880 conatus
1192 2813 1339 2878 invadere
1350 2812 1460 2878 haers-

303 2918 363 2982 sim
377 2918 525 2998 instituit,
539 2915 649 2982 nolens
664 2923 823 3004 apostotus
838 2918 996 3002 suscipere
1017 2923 1050 2981 et
1063 2915 1260 3002 rebaptizans
1277 2915 1460 3001 baptizatos.

366 3018 416 3082 36.
438 3019 580 3084 Montani
599 3019 748 3084 haeretici
773 3020 849 3084 dicti
868 3020 951 3104 quod
971 3021 1004 3084 iu
1025 3025 1164 3106 tempore
1183 3017 1408 3104 persecutionis
1427 3021 1461 3082 in

302 3121 461 3186 montibus
475 3121 610 3205 latuere,
632 3141 694 3206 qua
713 3124 875 3188 occasione
895 3143 928 3188 se
948 3121 1151 3188 acatholicae
1166 3121 1316 3188 ecclesiae
1332 3139 1460 3206 corpore

303 3221 485 3288 diviserunt.

365 3325 416 3392 37.
438 3325 601 3392 Ebionitae
613 3326 652 3392 ab
663 3326 781 3392 Ebioue
794 3326 880 3410 dicti,
888 3329 1182 3414 siveapaupertate.
1206 3327 1365 3393 Christum
1375 3328 1461 3391 euim

301 3427 314 3466 ⁹
319 3447 375 3514 per
389 3429 563 3513 protectum
578 3429 679 3496 solum
692 3451 802 3496 vorum
815 3432 934 3496 iustum
948 3436 1060 3516 putant
1073 3431 1228 3496 ellectum.
1264 3429 1357 3496 Unde
1373 3450 1460 3494 com-

302 3537 446 3616 patenter
464 3531 627 3598 Ebionitae
648 3554 703 3618 pro
725 3538 907 3619 paupertate
927 3531 1076 3619 appellati
1096 3539 1177 3598 suut
1213 3533 1254 3598 Hi
1269 3531 1461 3598 Semiiudaei

302 3639 385 3717 sunt,
401 3640 433 3698 et
445 3637 491 3699 ita
503 3640 614 3700 tenent
625 3635 830 3718 evangelium,
844 3642 880 3699 ut
890 3634 990 3718 legem
1003 3635 1167 3700 carnaliter
1179 3642 1313 3700 servent
1336 3633 1459 3702 Advor-

183 3732 187 3741 '
301 3757 355 3802 sus
370 3755 447 3822 quos
462 3736 502 3801 ad
518 3738 643 3804 Galatas
658 3737 817 3826 apostolus
831 3738 972 3804 scribens
987 3737 1151 3802 invehitur.

364 3839 415 3904 38.
437 3839 617 3906 Photiniani
637 3841 687 3904 ¹⁰a
704 3839 838 3905 Photino
863 3842 901 3904 cle
927 3840 1153 3924 Gallograecia,
1174 3839 1279 3904 Sirmii
1302 3841 1460 3926 episcopo,

301 3945 487 4028 nuncupati,
508 3945 561 4028 qui
575 3943 791 4010 Ebionitarum
810 3941 966 4008 haeresim
981 3945 1136 4009 suscitans
1152 3944 1285 4008 asseruit
1299 3941 1459 4009 Christum

301 4045 430 4111 altaria
444 4065 500 4131 per
513 4045 626 4132 Ioseph
640 4045 773 4132 nuptiali
789 4048 871 4112 coitu
885 4046 981 4112 fnisse
997 4053 1191 4132 conceptum.

349 4229 375 4285 5.
390 4230 513 4284 &militer
524 4236 552 4284 a'u
563 4235 660 4286 uomina
671 4249 754 4286 aarum
767 4234 833 4286 ludio
840 4232 1007 4301 Hieronymus
1018 4237 1044 4284 o'n
1059 4233 1120 4286 Osee
1132 4251 1154 4284 o.
1162 4231 1202 4286 14.
1216 4241 1272 4288 ton.
1280 4231 1337 4297 111,
1345 4231 1458 4302 puter.

304 4297 367 4370 Opp.
380 4301 418 4352 ed.
428 4299 528 4382 'Bonam
592 4299 615 4354 6.
631 4299 683 4355 Om.
696 4301 803 4354 Areonl.
821 4301 854 4353 Ia
898 4301 1012 4382 ilerdam
1026 4301 1098 4382 lihris
1111 4301 1267 4382 collocantur
1274 4311 1334 4372 poet
1345 4301 1457 4384 Anttrp·

298 4366 801 4556 wop..
818 4367 1458 4557 ...m

300 4508 380 4558 etum
434 4503 473 4558 10.
503 4507 674 4558 mamendaoa'
684 4505 998 4586 ‘haecccrhaeaffleroa
1012 4503 1242 4576 deScn'ptt.Eccl.
1256 4525 1278 4560 c.
1292 4505 1327 4558 10
1348 4547 1353 4558 .
1378 4505 1456 4575 Vulgo

301 4578 396 4624 mota
406 4567 516 4626 Phorhro
529 4570 724 4642 Gallograeciae
733 4573 842 4630 snmus
851 4574 973 4646 episcopo
985 4584 1041 4628 cero.
