3112 4986
260 273 322 338 234
727 252 955 316 emunasrnrarr

261 428 325 493 Hos
341 428 474 494 eeclesia
487 435 522 494 ut
536 449 762 513 energumenos
778 437 976 516 computans,
991 451 1055 496 non
1071 429 1262 514 altercando,
1278 432 1335 498 sed
1349 453 1428 518 pro·

261 531 382 596 iciendo
398 531 566 598 damnavit.
1309 613 1315 620 ἢ

150 647 243 700 θων-
325 637 438 712 Quarta
459 636 683 700 Nicolaitarum
705 659 725 699 a
748 636 892 702 lNicolau
917 638 1056 702 haeresis
1082 645 1131 702 est
1155 638 1341 720 adinventa,
1369 642 1426 723 qui

260 757 340 800 nnus
362 759 400 802 ex
421 745 542 824 septem
565 739 747 804 diaconibus
768 739 807 803 ab
830 740 978 825 apostolis
996 739 1155 806 ordinatus
1178 748 1234 806 est.
1272 742 1335 805 Iste
1351 761 1425 806 uum

260 839 296 905 de
312 840 377 906 zelo
392 841 617 926 pulcherrimae
634 845 773 925 coniugis
791 843 976 928 culparetur,
993 843 1104 908 ducere
1123 847 1225 928 coepit
1241 845 1423 908 indideren-

260 950 307 1008 ter
321 943 434 1010 debere
450 947 495 1007 uti
512 945 711 1027 coniugibus,
732 967 796 1010 non
811 946 912 1010 solum
926 946 1029 1026 laicis,
1050 946 1106 1010 sed
1128 949 1223 1010 etiam
1236 949 1286 1012 his
1302 951 1355 1032 qui
1370 969 1422 1012 sa-

259 1047 389 1114 cerdotii
403 1049 605 1130 fungerentur
626 1047 738 1112 officio.
775 1049 839 1112 Hos
861 1049 1022 1113 damnavit
1042 1056 1169 1114 sanetus
1190 1050 1326 1114 Ioannes
1346 1072 1422 1136 apo·

259 1151 357 1216 stolus
373 1157 404 1214 et
418 1151 618 1233 evangelista,
631 1156 662 1212 et
676 1152 767 1216 iussit
782 1156 817 1214 nt
832 1155 1018 1235 quicumque
1034 1155 1165 1216 cumeis
1181 1153 1231 1216 vel
1246 1175 1424 1218 sermenem

260 1251 415 1337 conloquii
430 1253 642 1335 miscuissent,
665 1275 703 1318 err
723 1252 782 1318 hee
802 1257 868 1339 ipso
890 1257 1107 1320 communione
1129 1259 1342 1341 privarentur,
1365 1255 1421 1322 de·

259 1377 334 1422 eene
354 1356 579 1422 rationabiliter
598 1378 617 1420 a
635 1356 745 1422 mundi
761 1360 884 1440 origene
901 1357 958 1422 deo
975 1361 1154 1424 castitatem
1168 1358 1339 1444 plurimum
1353 1358 1421 1444 pla·

259 1461 377 1540 ruisse,
397 1479 481 1524 nuno
503 1465 608 1524 antem
629 1463 723 1524 etiam
739 1463 771 1524 in
784 1463 886 1545 seipso
903 1461 1060 1526 Christum
1083 1462 1133 1526 dci
1149 1461 1248 1526 tilium
1268 1461 1422 1526 castitatis

258 1561 388 1644 gloriam
404 1561 582 1644 dedicasse,
604 1583 674 1626 cum
689 1565 842 1645 virginem
863 1564 1028 1648 possidens
1044 1571 1175 1628 matrem
1193 1567 1277 1646 virgo
1292 1583 1420 1629 mausu-

259 1685 311 1729 rus
323 1664 443 1730 nullum
455 1665 676 1750 discipulorum
689 1687 815 1732 suornm
828 1669 1081 1734 commixtionem
1096 1669 1191 1732 etiam
1202 1667 1333 1750 legitimi
1346 1688 1420 1732 eon·

258 1771 334 1850 iugii
348 1771 394 1831 uti
409 1771 561 1853 permisit,
576 1767 698 1833 dicens:
721 1767 778 1834 ²So'
791 1772 861 1854 qais
875 1771 943 1834 eutr
955 1773 1060 1835 eontra
1070 1782 1145 1856 post
1157 1793 1214 1852 rrae,
1230 1770 1360 1855 abneget
1374 1791 1421 1836 ae·

257 1873 361 1958 e'psma
374 1871 445 1953 sibi,
461 1871 591 1935 attollat
607 1893 730 1936 cracem
740 1895 840 1952 auom,
856 1884 885 1936 et
898 1885 1050 1957 aequetur·
1063 1895 1118 1938 me.

152 2001 202 2054 cap.
216 1963 249 2042 u.¹
323 1975 437 2052 Quinta
450 1974 588 2038 haeresis
604 1973 896 2038 saturninianorum
917 1981 976 2056 est,
994 1998 1013 2038 a
1027 1976 1205 2040 Saturnino.
1242 1975 1301 2040 llic
1317 1974 1423 2040 docuit

259 2081 380 2164 septem
395 2076 521 2160 angelos
536 2078 687 2142 mundam
702 2079 828 2154 seciss03
850 2079 962 2161 quibus
984 2079 1070 2142 cordi
1089 2079 1148 2141 suit
1167 2077 1315 2142 libidines
1335 2080 1420 2142 inse-

258 2200 342 2262 rere,
360 2186 396 2244 ut
415 2180 562 2244 alterutro
584 2180 749 2246 diversitas
770 2202 877 2262 senne,
898 2181 1034 2246 mundus
1055 2203 1074 2244 a
1094 2184 1142 2244 sui
1162 2181 1223 2244 line
1247 2181 1421 2244 refrenatus

258 2285 358 2368 pessit
372 2303 441 2346 esse
457 2289 636 2368 perpetuus.
659 2283 723 2348 Hos
739 2283 1013 2348 anathematizavit
1028 2285 1138 2350 beatus
1154 2283 1289 2351 Thomas
1306 2281 1421 2348 Christi

259 2385 426 2473 apostolus,
442 2386 559 2450 docens
575 2383 801 2470 rationabiliter
815 2387 969 2452 mundum
984 2389 1108 2452 initium
1123 2387 1281 2467 habuisse,
1303 2393 1335 2450 et
1350 2388 1422 2471 quia

257 2489 383 2555 initium
397 2489 521 2571 habuit,
542 2489 691 2552 adfinem
707 2510 774 2554 esse
790 2497 967 2554 venturum.
1004 2489 1139 2572 Angelos
1154 2496 1259 2554 autern
1278 2489 1420 2574 omnipo·

258 2595 390 2657 tentiam
404 2591 519 2656 habere
536 2612 599 2656 non
614 2613 717 2676 posse,
737 2597 768 2655 et
783 2591 852 2656 ideo
868 2592 1022 2657 mundum
1037 2613 1090 2656 eos
1105 2614 1168 2656 non
1183 2592 1323 2678 putuisse
1346 2613 1420 2658 cou-

259 2698 397 2762 stituere.
426 2694 625 2759 Conditorem
640 2701 744 2758 autem
759 2693 868 2759 mundi
883 2716 982 2760 unum
993 2715 1061 2758 esse
1074 2695 1178 2776 deum,
1194 2715 1286 2778 quem
1297 2693 1420 2779 Moyses

258 2799 450 2886 praedicavit
468 2799 582 2864 secisse
604 2797 724 2862 caelum
745 2804 777 2862 et
795 2803 910 2862 terram
931 2803 962 2862 et
982 2818 1085 2882 mare,
1109 2805 1140 2863 et
1159 2801 1264 2863 omnia
1287 2817 1366 2884 quae
1388 2800 1422 2864 in

259 2903 304 2968 eis
320 2907 401 2966 sunt.

141 3029 191 3082 osa
204 3029 241 3071 ra
322 3004 418 3070 Serta
431 3003 570 3067 haeresis
586 3003 817 3069 Gnosticorum:
838 3006 892 3088 qui
907 3005 1071 3070 Gnostioos
1088 3025 1121 3070 se
1141 3003 1315 3090 1appellare
1329 3001 1422 3070 volu·

259 3113 366 3188 erunt,
382 3109 472 3190 quasi
486 3113 613 3191 propter
629 3108 793 3172 scientiam
808 3107 1029 3188 excellentem,
1046 3129 1118 3173 oum
1132 3110 1309 3172 miseriores
1325 3128 1422 3192 snpe-

259 3209 392 3276 rioribus
409 3229 493 3290 esse,
509 3230 587 3292 quos
603 3211 857 3290 memoravimus,
876 3209 1074 3274 haberentur.
1111 3210 1235 3276 Doccns
1252 3232 1304 3275 eos
1323 3213 1422 3275 ratio-

259 3313 405 3378 nabiliter
423 3313 533 3377 beatus
554 3311 669 3376 Paulus
689 3312 847 3398 apostolus
864 3333 926 3376 non
943 3313 998 3376 deo
1016 3316 1147 3396 servire,
1168 3313 1224 3378 sed
1247 3334 1302 3378 suo
1317 3317 1424 3378 ventri

260 3423 291 3482 et
305 3415 429 3482 hbidini
444 3415 567 3480 inflatos
584 3435 668 3498 esse,
689 3421 719 3480 et
735 3416 811 3480 nihil
828 3418 923 3498 seire,
940 3424 971 3482 et
986 3423 1144 3500 aegrotare
1161 3418 1243 3482 eirea
1263 3419 1422 3501 quaestio·

258 3541 314 3585 nes
331 3525 363 3582 et
376 3517 541 3581 verborum
556 3539 685 3602 pugnas.

124 3647 179 3700 aa
192 3647 241 3691 vn.
321 3621 633 3706 Carpocratianorum
652 3623 784 3706 septima
804 3627 853 3684 est
866 3620 1020 3702 haeresis,
1040 3621 1260 3708 aCarpocrate
1281 3624 1423 3705 inventa,

259 3727 311 3811 qui
332 3723 466 3791 docebat
484 3729 653 3808 potestates
673 3724 873 3788 tenebrarum
893 3727 1027 3788 transire
1049 3745 1112 3788 non
1132 3744 1240 3808 posse,
1260 3727 1320 3788 nisi
1336 3723 1422 3790 selus

259 3849 311 3896 eos
332 3829 386 3913 qni
406 3829 490 3892 omni
516 3847 548 3889 se
569 3826 754 3910 turpitudini
778 3827 989 3892 miscuissent.
1031 3825 1072 3891 Hi
1093 3827 1253 3892 dominnm
1277 3834 1422 3894 nostrum

257 3931 362 3996 Iesum
377 3930 415 3994 de
431 3937 561 4012 utroque
578 3949 654 3992 sexu
669 3931 809 4011 genitum
823 3929 1021 4011 adserebant,
1036 3931 1092 3994 sed
1103 3929 1199 3994 talem
1214 3933 1351 3994 animam
1365 3951 1421 3995 aa·

258 4035 378 4119 cepisse
399 4053 476 4117 quae
497 4051 633 4116 superna
653 4031 808 4096 caelorum
834 4033 936 4097 sciret.
983 4032 1256 4098 Resurrectionem
1281 4035 1422 4118 corperis

258 4133 448 4218 denegantes
464 4133 630 4220 prophetas
645 4136 825 4198 testamenti
841 4138 954 4200 vetoris
970 4137 1231 4202 condemnabant.
1252 4135 1423 4202 Habebunt

258 4245 362 4302 antem
376 4235 590 4302 Mareellinam
605 4237 776 4321 quandam,
796 4256 875 4321 quae
896 4239 1046 4320 imagines
1066 4239 1139 4302 lesu
1162 4243 1194 4302 et
1207 4237 1297 4304 Pauli
1311 4243 1343 4303 et
1356 4238 1420 4322 Py-

258 4339 403 4424 thagorae
418 4337 595 4426 philosophi
609 4339 744 4424 ponebat
758 4341 792 4404 in
812 4338 916 4406 media
937 4339 1042 4426 pepuli
1057 4359 1151 4424 quem
1172 4337 1366 4426 decipiebat,
1388 4349 1422 4406 ct

310 4489 473 4561 cap.1v.-
487 4491 509 4544 l.
521 4490 560 4559 Cf.
574 4491 681 4572 coare.
693 4493 710 4543 1.
722 4493 739 4543 l.
752 4510 775 4550 a.
791 4490 829 4573 lb.
882 4491 905 4546 2.
918 4491 1009 4546 meu.
1021 4491 1091 4557 XVI,
1104 4491 1144 4544 24.

310 4556 372 4628 Gap.
384 4557 426 4614 Vl.
439 4587 472 4600 -
487 4559 508 4612 1.
520 4558 644 4630 appellari
656 4559 711 4612 MS.
724 4560 859 4627 Aegram.
