3120 4994
606 275 695 318 amna
705 275 815 320 ΡΒΙΙΠΙ.
1232 279 1293 348 263

121 435 262 502 ecclesia
276 433 496 516 Lateranonsi',
516 455 579 498 una
593 453 668 498 vooe
684 437 717 497 et
734 431 868 518 populus
883 433 1042 500 Romanus
1063 439 1096 500 et
1115 433 1293 510 sacerdotes

122 541 161 604 in
181 537 304 604 eisdem
322 537 535 603 lorinianistis
556 542 588 602 ct
610 539 678 622 ipso
698 536 859 602 loriniano
884 535 1051 602 anathemo
1069 535 1294 620 clamaverunt,

123 642 245 727 inipso
262 643 351 706 initio
372 639 643 724 quadragesimae,
663 645 772 704 sancto
786 639 955 706 Anastasio
975 643 1121 726 episeopo
1141 642 1293 706 antistite.
1320 688 1325 697 .

20 740 24 749 “
124 744 271 830 Denique
286 746 320 810 in
334 746 405 830 ipsa
419 743 599 810 authentica
613 740 811 808 hebdomada
830 742 966 828 paschae
986 745 1107 808 inventi
1126 749 1200 808 sunt
1216 763 1292 828 epu·

125 847 232 912 lantes
247 853 279 912 et
293 867 456 933 porcorum
471 847 617 911 carnibus
633 846 792 912 trahentes
807 848 966 928 convivia,
980 848 1025 910 ita
1045 852 1080 910 ut
1100 867 1206 914 assum
1220 867 1293 931 por·

126 971 217 1034 cum,
240 971 333 1036 quem
347 953 382 1014 in
396 971 507 1016 mensa
521 970 627 1016 eorum
642 951 843 1032 invenerant,
861 949 969 1035 populi
984 949 1061 1014 collo
1077 951 1144 1014 eius
1160 969 1293 1036 suspen·

128 1055 252 1138 darent,
274 1060 306 1120 et
324 1056 370 1118 ita
384 1075 456 1120 eum
470 1058 637 1140 pertatem
654 1055 812 1117 civitatem
827 1053 966 1118 facerent
984 1053 1125 1118 circuire.
1162 1051 1295 1138 Scripsit

128 1161 227 1224 etiam
243 1162 350 1222 contra
364 1157 420 1222 hos
432 1157 641 1240 Hieronymus
655 1154 820 1241 presbyter
835 1161 935 1222 certos
950 1155 1057 1238 libror,
1073 1176 1149 1240 quos
1162 1158 1216 1240 qui
1226 1155 1293 1241 ple·

126 1263 202 1326 nius
217 1259 337 1343 legerit,
351 1265 384 1324 et
398 1265 515 1344 quanta
530 1258 613 1324 bona
626 1259 789 1341 virginitas
804 1264 836 1324 et
850 1261 1044 1324 continentia
1059 1265 1091 1324 et
1104 1257 1296 1326 abstinentia

126 1362 245 1428 habeat
255 1361 359 1445 discit,
372 1369 403 1426 et
413 1367 529 1446 quanta
540 1361 624 1436 mala
635 1359 772 1430 edacitas
783 1361 1067 1428 etluxuriahabeat
1076 1362 1294 1448 perhorrescit.
1313 1373 1364 1426 cap.
1380 1372 1496 1416 ΜΣΝ·

195 1465 423 1548 Octogesimam
439 1471 471 1530 et
484 1467 610 1530 tertiam
624 1463 780 1530 haeresim
793 1466 926 1529 inserto
938 1463 1017 1530 libro
1030 1463 1295 1552 historiographus

129 1573 236 1633 noster
248 1567 509 1652 ponitEusebius,
524 1588 618 1651 quam
627 1587 685 1632 nec
695 1566 888 1654 Epiphanius
899 1565 1015 1632 ahoubi
1026 1571 1221 1650 memoravit,
1235 1589 1294 1633 nec

128 1659 321 1754 Polycrates,
337 1692 394 1736 nee
408 1671 588 1752 Africanus,
602 1689 661 1734 neo
676 1669 843 1752 Hesiodus,
863 1672 916 1754 qui
932 1671 1049 1736 Graeco
1065 1690 1207 1736 sermone
1222 1673 1293 1736 nni-

128 1793 238 1838 versas
252 1773 399 1838 haereses
414 1773 628 1844 describentes
649 1772 808 1838 volumina
821 1771 991 1836 multorum
1011 1771 1177 1838 condidere
1197 1773 1293 1839 libro·

128 1897 208 1942 rum.
242 1876 280 1940 In
295 1883 382 1942 sexto
398 1879 564 1961 itaqua-ut
576 1876 652 1957 dixi,
666 1875 745 1940 libro
757 1881 864 1940 narrat
873 1875 1038 1959 Eusebius,
1052 1895 1122 1942 csse
1133 1878 1167 1940 in
1178 1876 1295 1943 Arabia

129 1979 317 2062 haereticos,
333 2000 464 2064 quorum
481 1982 555 2064 quia
565 1984 725 2044 auctorem
741 1999 805 2044 non
815 1984 979 2061 memorat,
992 2000 1050 2044 nos
1062 1999 1228 2064 possumus
1241 2000 1294 2045 eos

129 2103 312 2168 nuncupare
332 2083 499 2150 Arabicos:
525 2083 582 2166 Hi,
603 2084 721 2166 inquit,
747 2081 854 2146 dieunt
873 2083 994 2148 animas
1020 2102 1092 2148 cum
1112 2082 1294 2166 corporibus

77 2233 84 2244 .
129 2189 210 2254 mori
225 2193 318 2270 atquc
334 2185 479 2269 dissolvi,
495 2185 652 2250 atiniae
672 2184 789 2249 saeculi
803 2189 969 2268 utrumque
989 2187 1135 2272 reparari.
1159 2183 1222 2250 Sed
1236 2183 1294 2252 hos

130 2290 343 2376 disputatione
359 2289 494 2373 Originis
509 2309 623 2372 magua
636 2291 789 2354 memorat
803 2307 842 2350 ex
856 2293 945 2372 parte
959 2293 1130 2352 revocatos.
1313 2313 1363 2370 cra
1375 2314 1489 2359 nxulv.

194 2392 426 2476 Octogesimam
446 2397 478 2456 et
497 2397 640 2476 quartam
659 2391 822 2456 haeresem
841 2389 1042 2456 Helvidianos
1063 2410 1234 2476 occupasse
1254 2390 1293 2458 ab

129 2495 276 2562 Helvidio
291 2491 523 2560 memoramus.'
549 2495 608 2572 Qui
630 2495 674 2560 ita
693 2495 866 2576 virginitati
886 2499 1012 2558 sanctae
1032 2493 1148 2558 llariao
1169 2499 1293 2560 eontra·

131 2598 251 2680 dicunt,
265 2603 301 2663 ut
316 2619 385 2664 eam
400 2597 508 2662 dicant
523 2596 561 2662 dc
576 2595 688 2682 Ioseph
703 2603 775 2681 post
788 2597 990 2660 nativitatem
996 2596 1112 2662 Christi
1123 2595 1201 2662 alios
1214 2596 1293 2662 lilios

130 2703 302 2787 peperisse.
338 2700 397 2766 Isti
413 2700 540 2784 quidem
554 2719 669 2786 nuper,
688 2699 722 2764 id
742 2705 791 2764 est
810 2698 869 2763 sub
884 2697 995 2764 Sirioio
1010 2699 1222 2766 Romanorum
1236 2720 1292 2766 an-

131 2806 231 2870 tistite
247 2805 307 2868 orti
322 2809 406 2886 sunt,
422 2811 453 2868 et
468 2823 524 2889 por
537 2802 662 2868 Italiam
675 2807 768 2886 atque
781 2801 897 2866 Gallias
914 2799 1095 2868 direxerunt
1109 2821 1182 2868 suos
1197 2802 1292 2870 disci·

131 2907 232 2994 pulos.
250 2907 365 2972 Contra
375 2907 431 2972 hos
444 2908 571 2991 scripsit
584 2906 792 2988 Hieronymus
804 2904 911 2968 doctor
922 2906 1063 2986 egregius
1076 2905 1171 2972 ¹duos
1186 2905 1294 2990 libros,

132 3031 210 3096 quos
231 3009 331 3076 leotos
349 3013 382 3074 iu
404 3015 543 3096 tempore
564 3008 657 3092 digna
678 3027 730 3074 eos
746 3008 940 3072 execratione
960 3005 1293 3078 2anathematizabant.

132 3113 326 3200 Epiphanius
341 3119 447 3178 autem
462 3119 578 3196 noster,
597 3117 750 3178 scrutator
769 3110 1008 3193 haereticorum,
1027 3111 1170 3179 scribens
1186 3120 1294 3180 contra
1351 3131 1358 3146 ⁸

133 3217 190 3284 hos
204 3215 357 3298 libellum,
377 3218 431 3301 qui
446 3217 479 3282 in
494 3215 547 3282 illo
563 3220 700 3300 tempore
722 3213 803 3278 hano
818 3211 1019 3298 blasphemiis
1038 3214 1166 3300 plenam
1184 3216 1293 3284 adaer-

133 3321 251 3389 tionem
265 3319 476 3405 proferebant,
490 3318 765 3384 Antidicomaritas
780 3336 833 3382 eos
849 3319 972 3384 censuit
985 3318 1145 3404 appellari.
1312 3346 1363 3402 erp.
1376 3345 1477 3393 cmv.

197 3421 427 3508 Octogcsimam
443 3427 474 3488 et
488 3423 629 3506 quintam
644 3420 805 3484 haeresem
816 3418 997 3486 Paterniani
1008 3421 1171 3488 inchoasse
1183 3423 1293 3508 legun·

135 3533 192 3591 tur.
229 3527 271 3592 lli
286 3525 449 3592 inferiores
463 3525 592 3590 humani
607 3525 744 3608 corporis
759 3528 864 3608 partes
880 3543 943 3588 non
955 3543 974 3587 a
988 3523 1057 3606 deo,
1073 3525 1129 3592 sed
1140 3548 1160 3590 a
1170 3527 1293 3596 diabolo

134 3629 232 3694 [arms
247 3631 426 3714 opinantur,
446 3634 478 3692 ot
492 3629 630 3694 omnium
643 3646 684 3692 ax
698 3625 761 3691 illis
775 3626 918 3712 partibus
933 3624 1119 3710 flagitiorum
1134 3629 1294 3700 licentiam

134 3733 308 3798 tribuentes
322 3732 531 3817 impurissime
546 3732 665 3794 vivunt.
700 3729 765 3794 llos
785 3728 861 3797 dum
874 3728 1028 3796 Damasus
1043 3731 1207 3800 damnaret
1226 3737 1292 3820 epi·

135 3854 248 3920 scopus
268 3834 405 3900 detectos
426 3837 458 3898 in
477 3831 610 3915 scelere,
629 3831 808 3898 huiusmodi
829 3831 867 3898 de
887 3831 937 3896 his
959 3834 991 3896 in
1011 3832 1161 3900 relatione
1181 3857 1239 3902 sna
1253 3837 1294 3904 ad

135 3938 388 4018 Valentinianum
408 3939 557 4002 maiorem
577 3937 704 4020 scripsit
725 3935 848 4000 dicens:
874 3933 961 4000 Scire
982 3935 1123 4004 volumus
1143 3941 1294 4024 pietatem

135 4047 273 4106 verbam
293 4040 516 4106 ¹Venustianos
531 4042 564 4106 in
579 4038 696 4104 scelere
711 4039 892 4122 turpissimo
913 4037 1053 4108 demotos
1067 4040 1107 4106 ab
1122 4043 1293 4128 apostolica

180 4189 434 4262 Captum.-
448 4191 469 4243 l.
479 4190 538 4244 Non
547 4193 616 4253 duca,
624 4191 670 4242 red
676 4207 750 4240 acam
759 4192 865 4258 scripsit
872 4189 959 4242 doctor
967 4195 1092 4244 mocimus
1101 4195 1223 4246 adversus
1231 4193 1292 4246 Hel·

135 4263 392 4323 melioracionem
406 4259 536 4312 Velleraio
544 4264 572 4312 in
577 4263 691 4330 posset.
699 4259 735 4310 ad
742 4257 768 4310 S.
775 4257 924 4324 Hieronymi
934 4258 1042 4327 Operum
1052 4269 1107 4316 tom.
1119 4262 1142 4314 J.
1167 4262 1292 4318 ‚XXIIL

137 4349 200 4382 ram.
211 4327 255 4382 33.
300 4327 377 4386 Gelli
427 4328 452 4382 2.
468 4326 722 4382 anathematizabunt
732 4326 782 4380 Me.
795 4325 863 4393 Aug.
874 4325 1108 4382 anathematizabat
1118 4330 1136 4381 d
1147 4348 1168 4385 s.
1180 4331 1292 4386 nonem.

186 4395 281 4466 Caph
322 4469 326 4479 ι
337 4395 395 4451 XV.
409 4420 441 4436 *-
463 4397 486 4451 1.
501 4395 540 4449 De
556 4396 715 4478 lsenustr'anis
725 4395 879 4463 verbosaret
888 4393 914 4448 S.
923 4395 1130 4464 Aequatinualib.
1141 4401 1172 4451 de
1183 4399 1293 4484 Horrea,

137 4483 195 4586 tt·
207 4464 297 4586 liat
307 4463 717 4602 llrbttttttttttl
725 4482 762 4586 31¹⁴
762 4530 789 4586 s
803 4461 929 4584 ibid
933 4463 1293 4590 ltttt’tittttltt

138 4621 210 4655 mccc
223 4601 263 4656 ΙΙ.
276 4621 343 4656 cano
355 4601 470 4656 CCCLX
477 4601 538 4656 VII.
551 4611 646 4656 roceto.
687 4601 796 4655 Videris
809 4599 909 4656 &lieet
921 4600 1136 4660 concurram.
1144 4623 1208 4676 pap.
1220 4603 1292 4659 1038

138 4673 176 4727 ad
194 4669 350 4726 Vra-Labi.
363 4669 476 4726 Ceterum
493 4673 524 4726 dc
535 4670 576 4726 hia
586 4669 724 4726 malicia
735 4671 859 4736 amacius,
875 4672 899 4726 ri
913 4671 987 4738 lucra
998 4673 1031 4728 cl.
1048 4671 1236 4744 Wraacla'ogiam
1247 4674 1291 4728 rit.
