3122 4990
287 363 329 432 ὃς
794 360 944 410 emmer

286 521 337 587 rat
349 517 496 602 aanor,
510 523 543 584 et
557 518 698 584 abiectus
713 523 763 584 est
777 517 817 584 ab
833 517 968 594 eeclesia
981 517 1151 601 catholiea,
1171 520 1226 603 qui
1240 523 1351 603 postea
1365 521 1456 603 quasi

286 641 396 687 verum
410 621 568 706 sequendo
584 629 749 707 susceptus
765 629 848 704 ast⁰‚
867 629 901 686 et
921 621 1069 708 discipuli
1090 624 1157 686 eius
1180 641 1252 686 oum
1274 641 1310 688 eo
1327 624 1454 706 pariter.

286 725 390 808 Atque
405 727 518 790 iterum
533 725 747 790 indifferenter
761 726 924 810 posthaec
945 745 1035 808 agere
1057 727 1220 810 cupientes
1241 727 1455 790 communica-

288 827 365 892 bant
380 834 412 892 et
425 827 615 892 haereticisd
630 835 662 892 et
676 828 827 894 eeclesiae
843 828 1024 894 catholicae.
1048 828 1186 905 Quorum
1201 848 1273 892 eum
1289 829 1454 911 cognovis-

287 935 337 995 set
350 929 610 1013 indifferentiam,
631 939 770 996 exsortes
791 951 843 996 eos
864 951 939 996 suae
961 931 1191 996 communionis
1206 931 1311 995 effecit
1324 929 1457 996 eeclesia

287 1033 450 1100 catholiea.

149 1139 269 1212 σφισι.
350 1136 415 1201 Alii
436 1141 511 1200 sunt
532 1137 566 1200 in
585 1135 727 1220 Aegypto
744 1143 775 1200 at
794 1135 987 1202 Alexandria
1007 1157 1026 1200 a
1044 1135 1191 1200 Rhetorio
1212 1134 1368 1220 quodaml
1384 1135 1457 1219 ¹qni

286 1259 396 1306 omnes
411 1239 561 1304 laudabat
575 1237 737 1321 haereses,
758 1239 868 1304 dicens
890 1259 999 1304 omnes
1021 1239 1100 1304 bene
1116 1241 1232 1302 sentire
1249 1244 1281 1302 et
1294 1240 1457 1302 neminem

286 1361 389 1408 errare
405 1363 445 1406 ex
455 1343 518 1425 eie,
541 1341 598 1406 ead
612 1341 772 1406 ambulare
789 1341 868 1408 bane
888 1361 998 1408 omnes
1013 1341 1085 1406 iilos
1100 1346 1132 1404 et
1145 1341 1227 1404 maie
1242 1339 1313 1405 ²eos
1329 1339 1457 1405 eredere

286 1465 350 1510 non
365 1444 531 1510 sentiebat.
561 1444 595 1508 Si
610 1447 715 1528 itaque
730 1465 840 1510 omnes
855 1444 1015 1526 laudabat,
1030 1465 1124 1527 quem
1139 1441 1360 1528 vituperabat?
1375 1443 1457 1526 Ergo

287 1567 351 1612 non
365 1552 452 1611 tenet
466 1545 549 1632 qnod
563 1567 673 1610 verum
687 1555 744 1612 est.
767 1549 806 1613 Et
820 1547 992 1612 Photinus⁰
1008 1567 1080 1628 ergo
1096 1545 1270 1610 laudandus
1286 1551 1334 1610 est
1344 1545 1456 1610 haere-

286 1651 379 1732 ticus,
395 1652 448 1734 qni
464 1649 622 1715 Christum
638 1650 804 1714 dominum
814 1655 908 1733 negat
923 1670 992 1716 esse
1008 1656 1081 1714 ante
1097 1648 1204 1712 secula
1218 1669 1290 1712 cum
1304 1655 1411 1732 patre,
1426 1655 1459 1712 et

288 1754 389 1818 omnis
403 1751 542 1817 haeresis
558 1772 637 1836 quae
653 1751 851 1838 blasphemat
865 1759 919 1816 aut
933 1755 967 1816 in
982 1759 1104 1836 patrem
1119 1756 1174 1815 aut
1188 1753 1221 1814 in
1237 1751 1336 1814 filium
1351 1755 1408 1814 aut
1423 1754 1456 1814 in

288 1857 442 1940 spiritum.
466 1855 527 1922 Cnr
542 1859 647 1941 itaque
664 1856 864 1941 blasphemos
879 1856 1051 1920 haereticos
1067 1853 1190 1935 laudat,
1207 1874 1278 1918 eum
1293 1874 1346 1918 eos
1364 1852 1455 1918 Chri-

245 2005 248 2012 .
288 1964 355 2024 etus
377 1957 544 2024 dominusll
564 1980 603 2024 ex
622 1959 682 2040 hoe
702 1961 766 2024 iam
780 1958 885 2024 seculo
901 1957 1115 2039 damnaverit,
1136 1955 1245 2022 dicens
1260 1975 1324 2022 non
1339 1955 1458 2020 dimitti

355 2136 418 2208 Cap.
437 2135 505 2191 xci
528 2140 556 2189 e'a
576 2135 659 2191 Bate.
678 2136 755 2190 tolet
770 2103 919 2206 {receptum
937 2137 1096 2190 Raaronua
1123 2165 1157 2174 -
1187 2134 1209 2189 l.
1229 2131 1335 2188 homine
1355 2131 1402 2204 qni
1423 2133 1457 2188 A.

288 2205 313 2262 2.
325 2221 371 2260 eos
383 2205 486 2260 credere
497 2221 550 2260 aon
563 2207 597 2261 A.
611 2223 657 2260 eos
668 2223 722 2259 non
734 2205 837 2259 credere
849 2207 949 2275 reliqui.

287 2367 313 2423 7.
325 2368 357 2421 de
368 2368 510 2422 Haereticis
522 2367 593 2434 Feb,
605 2367 745 2438 Angustia.
758 2373 784 2422 et
794 2368 847 2421 Au·
897 2366 1086 2422 Praedestinati
1098 2381 1119 2419 e.
1132 2365 1173 2418 ta.
1190 2364 1349 2418 Philastrnm
1366 2363 1459 2418 citanti

287 2442 385 2490 ctorem
401 2437 590 2490 Praedestinati
605 2437 766 2490 Haereeitb.
796 2437 846 2489 Alii
898 2434 1269 2506 exAuguatino‚Rhetoriani.
1288 2431 1459 2502 [Athanasius

286 2505 420 2560 Meletiaai
431 2506 557 2559 cMeletio
568 2504 737 2570 Antiocheno,
750 2505 781 2558 de
791 2506 847 2574 qui·
899 2506 915 2558 l.
929 2523 950 2558 c.
963 2505 1104 2575 Apollines.
1117 2521 1142 2574 p.
1152 2502 1210 2556 926.
1230 2500 1337 2568 ,δώσετε
1367 2500 1397 2570 ἂρ
1412 2503 1459 2553 πᾶ-

287 2574 337 2627 bus
349 2573 497 2627 Tillemont.
514 2573 544 2627 Τ.
556 2573 611 2628 VII.
626 2575 736 2628 Memor.
748 2589 809 2644 pag.
822 2574 846 2627 a.
899 2591 935 2625 σιν
949 2573 1075 2642 αἱρετικοῑς
1087 2570 1150 2622 κατὰ
1162 2568 1204 2637 τὴν
1221 2574 1265 2621 τοῦ
1282 2587 1341 2620 ποτε
1349 2521 1459 2641 hepopt-

287 2643 394 2709 (Febr.)
898 2661 941 2692 νου
951 2639 1079 2708 Ῥητορίου
1093 2635 1184 2690 ἔννοιαν
1196 2634 1367 2706 iubeatisne,
1378 2631 1408 2688 ozi
1418 2637 1459 2689 καὶ

322 2712 347 2764 b.
365 2711 396 2764 de
405 2717 476 2780 parte
486 2710 571 2763 iuerat
580 2710 686 2776 Ariana]
698 2710 789 2762 Arium
799 2711 847 2762 ini·
898 2709 941 2776 τὴν
948 2708 1057 2777 ἀσέβειαν
1065 2705 1162 2769 ἐξειπεῖν
1187 2725 1200 2757 o
1218 2705 1296 2775 ερόν.”
1308 2707 1459 2775 Augustino

286 2780 323 2833 tio
336 2779 469 2832 schismati
480 2779 574 2833 Metitii
584 2780 659 2846 Aegy
677 2779 708 2831 tii
719 2777 800 2830 suffra
820 2795 847 2830 a·
897 2777 982 2830 indice
994 2778 1103 2857 dogma,
1116 2725 1185 2844 quoi
1220 2773 1361 2826 hetorianis
1372 2773 1459 2855 Phila:

287 2853 345 2900 tum
355 2853 464 2901 testatur
474 2848 635 2901 Sozomenus
647 2795 692 2899 hh.
702 2847 722 2900 1.
733 2863 789 2916 cap.
800 2794 846 2909 ia,
898 2854 951 2898 ster
962 2847 1061 2908 tribuit,
1074 2851 1129 2896 mm
1141 2843 1285 2896 absurdum
1297 2849 1348 2923 est,
1366 2849 1397 2896 nt
1408 2859 1459 2912 rpsr

287 2916 334 2968 sed
354 2933 416 2969 mox
437 2917 526 2968 relicto
545 2916 644 2969 Malitio
666 2915 813 2968 ordinatum
831 2931 847 2966 a
896 2911 1459 2981 incredibilevideatur.Cumdootrmahpal-

287 2983 364 3037 Petro
383 2985 559 3038 Alexandrino
580 2984 731 3048 diaconum,
754 2982 846 3036 deiude
897 2985 929 3034 lis
942 2983 1042 3034 confert
1051 2980 1193 3034 Coteleriue
1206 2980 1238 3032 ad
1248 2979 1357 3032 Ooustit.
1367 2980 1459 3050 Apost.

287 3053 382 3104 iterum
393 3051 462 3104 Petri
472 3053 612 3106 Melitianis
624 3052 713 3105 infesti
728 3057 787 3104 acta
799 3053 846 3104 im-
897 3051 939 3105 VI.
955 3051 992 3104 10.
1040 3050 1097 3114 (F.)

287 3121 420 3190 probasse.
444 3121 643 3173 AtMaletianoe
656 3121 726 3189 ipsos
739 3119 846 3172 cacodo·
932 3120 955 3171 b.
974 3136 990 3170 a
1040 3119 1119 3170 etorio
1130 3116 1254 3186 quodam]
1274 3115 1398 3186 Suspicor
1408 3117 1459 3168 snb

285 3205 338 3242 ‘xes
360 3188 442 3242 fuisse
465 3195 545 3258 negat
568 3187 718 3240 Theodorus
742 3188 845 3242 Studita
897 3187 1019 3240 Rhetorio
1036 3185 1086 3238 hoc
1108 3185 1237 3238 rhetorem
1258 3185 1338 3236 latere
1354 3183 1459 3238 Themi·

288 3257 363 3326 epist.
379 3256 421 3308 40.
439 3256 468 3309 T.
480 3257 504 3310 5.
518 3257 583 3326 Opp.
601 3257 733 3309 Sirmondi
748 3275 774 3326 p.
786 3256 844 3308 320.
896 3257 988 3319 stium,
1005 3255 1050 3324 qui
1068 3255 1184 3308 oratione
1196 3252 1349 3305 duodecima
1361 3253 1395 3304 ad
1407 3253 1459 3306 Va·

289 3331 316 3378 at
326 3325 461 3378 Melatium
472 3322 536 3378 nihil
554 3326 587 3376 ab
601 3325 725 3376 ecelesiae
738 3323 845 3376 catholi-
896 3327 992 3376 lentem
1003 3339 1029 3392 p.
1045 3321 1099 3376 159.
1112 3328 1138 3374 et
1149 3323 1241 3391 quinta
1252 3320 1285 3374 ad
1294 3321 1459 3374 lovinionum

289 3409 334 3446 cae
346 3392 397 3444 fide
409 3393 523 3445 ahenum
535 3393 653 3446 docuisse
665 3398 774 3446 testatur
785 3393 846 3462 Epi·
896 3411 922 3462 p.
935 3393 976 3444 69.
988 3391 1064 3444 docet
1075 3391 1198 3442 varietate
1209 3389 1254 3442 iila
1264 3390 1418 3458 opinionum
1427 3390 1460 3443 do

306 3459 400 3513 hanins
412 3461 526 3513 LXVlil.
540 3462 559 3513 l.
573 3469 599 3512 et
612 3461 644 3524 3.,
664 3461 779 3530 quinimo
792 3461 847 3512 Arii
879 3469 881 3474 '
896 3461 975 3513 rebus
987 3459 1081 3511 divinis
1094 3457 1158 3510 adeo
1171 3475 1223 3510 non
1237 3455 1335 3510 offendi
1351 3475 1459 3522 numen,

287 3477 408 3583 haeresin
420 3529 452 3581 ab
465 3547 495 3582 eo
508 3527 696 3598 deprehensam
706 3535 732 3583 et
743 3529 775 3581 ad
787 3530 846 3580 Ale·
898 3535 927 3582 ut
938 3529 1017 3580 etiam
1029 3527 1177 3580 delectetur.
1194 3525 1224 3578 in
1236 3525 1345 3578 eandem
1354 3533 1459 3579 senten·

288 3597 847 3652 xandrumhlaxandrianmdelatamnarrat
897 3599 961 3650 ham
974 3593 1148 3665 Symmachus
1166 3593 1235 3664 apud
1247 3593 1419 3648 Prudentium
1427 3595 1459 3648 11.

288 3665 404 3722 txvffl.
416 3665 440 3717 4.
465 3665 531 3718 Cum
546 3667 649 3719 Arianis
667 3673 754 3718 tamen
772 3666 846 3720 Meli·
897 3665 956 3718 ita.

289 3737 375 3788 tianae
409 3739 483 3786 ostea
499 3735 704 3786 communicasse
721 3735 791 3786 idem
807 3751 847 3786 re·
933 3733 1174 3796 „Perse'atittomen,
1193 3734 1328 3801 affirmares
1344 3735 1460 3784 {term

288 3803 374 3858 iertL
403 3801 469 3855 viii.
483 3801 506 3854 6.
526 3800 848 3870 ,νῦνὸὲἈρειανοῖςσυνα-
1235 3801 1327 3852 einardi

290 3871 411 3941 φθέντες.”
428 3871 581 3924 Damascen.
594 3869 693 3922 haeres.
706 3870 746 3922 (38.
782 3869 839 3936 (F.)
932 3869 1244 3938 Marathonem-iamque,
1254 3870 1461 3937 dmcumpuae-

324 3955 346 3992 o.
381 3940 439 3992 uasi
455 3955 546 3991 verum
563 3937 695 4006 sequendo
711 3945 847 4008 susceptus
1236 3939 1387 3992 aileranus.

290 4009 340 4074 est]
364 3957 399 4060 in
416 4007 526 4060 coneilio
542 4006 672 4070 Nicaeae,
689 4007 735 4059 uhi
753 4013 779 4057 et
794 4007 847 4126 epi·
933 4005 1003 4058 Hinc
1016 4007 1095 4068 olioa,
1114 4014 1156 4057 oet
1167 4007 1227 4057 inde
1239 4007 1304 4062 alios
1311 4023 1461 4076 properare

291 4075 364 4145 scopi
375 4093 469 4128 nomen
478 4075 584 4128 Meletio
595 4075 722 4138 relictum,
735 4081 759 4126 et
769 4076 812 4128 hie
823 4092 848 4127 e·
1235 4091 1345 4126 seorsum

290 4144 369 4196 tianis
390 4145 545 4214 permissum
565 4149 651 4213 partos
672 4145 786 4196 muneris
807 4143 848 4195 sui
936 4141 1060 4210 Quemque
1068 4159 1117 4211 per
1130 4145 1265 4210 anfractae
1272 4146 1403 4212 proprios,
1414 4145 1462 4196 aad

292 4212 363 4266 obire
375 4211 402 4263 iu
415 4213 536 4276 ecclesia,
554 4213 610 4264 solo
623 4209 742 4277 suffragii
754 4213 809 4264 iure
822 4212 849 4264 in
1240 4213 1349 4279 compito
1362 4213 1448 4264 eodem

291 4279 460 4333 electionibus
470 4281 579 4333 ademto.
598 4279 662 4333 Vide
674 4279 805 4334 Valesium
817 4280 849 4332 ad
936 4277 1136 4342 Flaccoartura',
1151 4279 1226 4330 simul
1236 4287 1261 4330 ei
1269 4297 1422 4332 concurrere
1433 4284 1463 4332 in

292 4348 426 4403 Socratem
436 4349 507 4400 litai
530 4365 551 4401 c.
564 4351 588 4402 a.
623 4347 681 4412 (F.)
1239 4347 1336 4398 terrram.n
1371 4347 1431 4411 (F.)

326 4415 350 4468 d.
370 4413 552 4482 ethaereticis]
571 4417 682 4468 Arianis.
705 4415 770 4470 Vide
788 4415 849 4486 Epi·
934 4431 956 4468 ο.
973 4414 1110 4485 Photinus]
1129 4415 1167 4468 Da
1179 4415 1254 4468 ouius
1266 4415 1367 4468 haeresi
1379 4431 1462 4486 snpra

309 4483 418 4536 haninm
429 4483 458 4536 T.
471 4483 490 4534 I.
502 4499 562 4552 pag.
575 4483 632 4536 rai.
655 4483 848 4537 tillemontium
899 4499 921 4536 c.
935 4483 976 4538 ut.
1011 4483 1068 4548 (F.)

292 4501 496 4606 bithemor.
509 4555 556 4602 etc.
591 4551 649 4615 (F.)
933 4551 958 4605 d.
975 4551 1092 4606 Christus
1102 4551 1233 4622 dommus]
1245 4550 1462 4608 natmxitel.

345 4617 407 4688 Gap.
423 4617 492 4674 XCI.
508 4647 543 4660 -
559 4631 582 4672 a.
598 4617 726 4687 Rhetorii]
742 4618 854 4684 Auctori*
897 4619 1006 4686 (Febr.)
