3100 4980
470 312 508 354 os
522 311 745 354 nemausensis
759 311 952 354 sonuimus.
1230 311 1291 377 355

132 465 214 520 VIII.
221 468 263 518 oe!
267 465 319 521 IX.
325 468 383 520 olim
391 466 516 530 Rodiensi,
523 467 597 520 indie
608 467 792 520 Visadodoneaai
797 486 821 521 u.
829 463 988 519 cooxxll.
995 469 1040 534 (cf.
1048 465 1201 518 Eodis'cders'
1207 465 1291 519 Cetei.

125 535 207 588 Codd.
220 535 313 588 Pastor.
324 535 411 588 Latin.
424 535 492 590 Bibl.
505 535 592 588 Polot.
610 535 714 590 Vindub.
725 555 752 605 p.
764 535 818 586 217
829 539 885 604 sq),
898 535 962 586 duee
975 536 1067 588 additu
1079 536 1208 602 leuaretur:
1219 535 1294 586 iuxta

125 603 231 656 divinae
243 605 383 673 scripturae
395 605 548 656 relationem
559 605 690 674 integrum
702 603 841 668 hominem,
872 603 899 655 ui
909 619 942 655 ex
954 603 1041 655 anima
1053 607 1155 654 constat
1172 609 1198 654 et
1209 619 1294 665 carne,

125 672 160 724 ad
173 673 317 742 imaginem
329 672 370 724 dei
381 672 488 736 Iactum,
502 674 546 726 illa
557 673 681 742 imagine,
699 689 751 742 qna
762 677 853 742 postea
887 687 946 724 omo
958 671 1042 724 faetus
1055 677 1094 724 est
1106 670 1176 734 deus,
1194 669 1294 722 dicento

125 741 267 810 Apostolos
280 747 307 792 et
317 742 437 809 regnavit
447 757 518 794 mors
531 741 563 794 ab
576 741 653 794 adam
665 757 747 810 usque
759 757 885 810 moysem,
898 740 1076 804 stramineos,
1090 739 1134 809 qui
1143 756 1195 792 non
1203 754 1296 808 pecea-

125 831 234 888 verunt,
246 825 274 877 in
290 825 487 878 similitudinem
502 826 713 896 prevaricationis
731 825 809 895 adae,
827 826 872 894 qui
890 831 929 876 est
944 824 1028 878 forma
1044 824 1136 888 iuturi,
1154 823 1180 876 id
1196 831 1235 876 est
1251 841 1294 894 yps

125 894 265 946 novissimi
278 893 362 958 adam,
375 895 459 964 quiin
471 895 556 947 forma
568 911 620 964 qua
631 899 687 946 orat
699 895 854 964 quandoque
866 893 998 946 hominem
1011 893 1203 962 adsumpturus,
1220 907 1294 972 prae-

124 962 252 1016 formavit
262 963 375 1032 primum
387 963 472 1026 adam,
490 963 659 1016 confirmante
677 961 724 1015 hoc
737 964 823 1034 ipsum
841 961 971 1032 apostolo,
989 962 1034 1014 ubi
1045 961 1117 1013 dicit:
1138 962 1178 1014 uir
1190 961 1301 1030 quidem

126 1047 183 1082 non
196 1029 271 1083 debet
281 1032 367 1084 velare
379 1037 458 1102 eaput
469 1047 554 1094 suum,
572 1033 632 1100 quia
650 1032 734 1100 gloria
746 1039 772 1084 et
783 1032 871 1098 immo
885 1030 926 1082 dei
938 1035 985 1094 est,
1000 1029 1094 1083 mulier
1111 1031 1138 1083 in
1151 1029 1234 1100 gloria
1246 1029 1294 1080 riri

125 1105 177 1154 est.
207 1097 237 1151 In
250 1099 427 1151 animssexus
440 1100 639 1152 diuersitaeuon
653 1105 699 1152 est.
729 1099 823 1152 Sinna
839 1099 956 1151 masculo
974 1105 999 1150 et
1015 1097 1127 1150 feminae
1143 1099 1232 1150 anima
1247 1105 1295 1160 ost,
1374 1133 1379 1138 -

125 1168 198 1220 siout
208 1183 270 1220 vera
282 1173 329 1233 est,
342 1168 471 1238 quomodo
484 1170 532 1221 riri
544 1168 635 1220 dicitur
646 1169 734 1237 imago
747 1185 804 1220 esse
817 1167 866 1232 dei,
882 1167 979 1219 femina
991 1168 1079 1236 imago
1090 1167 1147 1230 viri,
1164 1166 1215 1219 nisi
1226 1164 1293 1234 quod

126 1271 143 1322 y
164 1272 175 1313 ς
197 1252 259 1304 deus
277 1259 376 1306 creator
393 1251 505 1306 hominis
522 1253 571 1306 riri
588 1253 700 1306 formam
717 1253 901 1322 adsumpturus
917 1257 1010 1321 postea
1027 1259 1090 1316 erat,
1107 1251 1220 1320 impsum
1233 1253 1295 1314 (sic)

126 1271 161 1373 ad
178 1321 321 1401 imaginem
338 1337 415 1374 suam
430 1322 612 1392 prefigurarit‚
628 1321 727 1373 femina
743 1337 803 1372 uero
822 1337 854 1374 ex
873 1321 927 1373 viro
944 1327 1075 1390 sumptam
1092 1321 1141 1373 riri
1152 1319 1295 1387 imaginem

126 1395 267 1458 expressit,
280 1390 357 1442 ambo
369 1397 457 1442 tamen
470 1392 557 1458 imago
571 1390 619 1452 dei,
633 1391 695 1460 quia
706 1406 774 1442 unus
787 1405 819 1442 ex
833 1389 923 1452 altero,
935 1387 1035 1441 dicente
1048 1389 1187 1458 scriptura:
1199 1387 1297 1440 crearit

126 1458 193 1580 delps
205 1456 345 1579 hprnintern,
358 1459 391 1510 ad
402 1459 599 1581 impginpmddei
611 1459 786 1581 crpashritleum,
798 1458 943 1547 masculum
956 1461 982 1510 et
998 1457 1123 1512 feminam
1134 1457 1231 1512 oreada
1242 1469 1294 1509 eos.

126 1565 142 1592 „
180 1543 221 1596 xp
241 1543 285 1580 ror
320 1543 437 1597 exposa
459 1543 489 1581 ιο
523 1544 532 1580 1
561 1543 641 1582 arca
686 1543 800 1581 oreae.
