3100 4980
269 287 331 354 348
675 285 814 330 cumcun
826 287 1018 332 unsaramma

269 444 443 530 spondeant
456 465 511 530 pre
527 443 590 510 illis
605 449 658 530 qui
674 465 728 511 eos
743 447 877 512 offerunt
887 450 974 511 iuxta
988 445 1126 512 ³mruem
1138 448 1327 534 baptizandi,
1342 455 1381 512 et
1396 451 1449 513 sic

269 569 379 614 manus
396 550 594 632 impositione
605 555 643 612 -et
663 550 829 614 chrismate
846 549 1028 614 communiti
1049 551 1252 615 eucharistiae
1272 553 1448 634 mysteriis

269 651 481 716 admittantur.
505 649 579 716 Illos
595 657 700 715 autem
715 652 767 735 qui
782 673 846 716 non
861 651 912 716 ⁴iu
928 659 1053 717 sanetae
1069 655 1220 718 trinitatis
1234 657 1448 720 invocatione

268 753 351 840 apud
365 753 539 819 haereticos
555 753 706 839 baptizati
722 762 806 837 sunt,
822 761 854 818 et
868 757 997 820 veniunt
1012 755 1051 820 ad
1066 777 1135 838 nos,
1150 758 1299 842 baptizari
1316 757 1448 822 debere

267 859 522 943 pronuntiamus,
542 877 605 920 non
625 856 837 942 rebaptizari,
864 859 972 942 Neque
993 861 1078 923 euim
1098 859 1287 924 credendum
1307 866 1357 926 est
1384 881 1448 924 eos

268 961 363 1024 inisse
379 961 552 1044 baptizatos
568 961 699 1043 quinon
715 963 888 1024 innomine
903 964 1000 1046 patris
1023 968 1055 1024 et
1070 962 1126 1025 filii
1142 969 1173 1025 et
1188 965 1313 1048 spiritus
1329 966 1447 1026 sancti

267 1067 354 1127 iuxta
368 1061 506 1144 regulam
521 1084 540 1125 a
555 1061 679 1126 domino
696 1065 830 1148 positam
845 1065 936 1127 tincti
952 1070 1038 1128 snut:
1054 1070 1089 1128 ut
1105 1065 1447 1155 sunt⁴⁵Pauiianistae,

268 1165 434 1246 Procliani,
448 1163 640 1248 Borboritae,
654 1165 807 1250 6Siphori,
823 1169 876 1249 qui
891 1165 974 1230 uuric
990 1173 1141 1232 vocantur
1155 1167 1331 1250 Bouosiani,
1345 1167 1445 1232 Pho-

268 1269 391 1349 tiniani,
406 1267 628 1350 ⁷Montanitae,
643 1266 829 1349 Manichaei,
843 1269 948 1334 8uaria
963 1271 1133 1355 impietatis
1149 1273 1297 1353 germine,
1312 1270 1360 1334 vel
1383 1293 1444 1335 ce-

267 1377 352 1436 terae
371 1373 504 1434 istorum
524 1373 652 1453 originis
668 1373 733 1434 sive
750 1371 868 1436 ordinis
883 1379 1004 1457 pestes,
1027 1393 1105 1456 quae
1122 1371 1181 1437 duo
1197 1376 1350 1458 principia
1365 1375 1442 1438 sibi

268 1477 375 1558 ignota
388 1473 607 1554 introducunt,
627 1479 663 1537 ut
677 1473 799 1538 Ccrdou
814 1480 845 1537 et
858 1474 1009 1555 Marcion,
1025 1475 1075 1538 vel
1090 1479 1260 1558 contraria,
1281 1483 1315 1539 ut
1329 1475 1444 1540 Mani·

270 1576 395 1657 chaeus,
403 1573 533 1638 vel⁹tria
545 1581 576 1638 et
584 1577 726 1658 barbara,
738 1582 773 1639 ut
781 1575 948 1641 Sethianus
957 1583 988 1640 et
998 1576 1225 1660 ¹⁰Theodosius,
1237 1578 1287 1642 vel
1298 1578 1446 1660 ¹¹muita,

269 1686 304 1744 ut
318 1677 514 1758 Valentinus,
529 1677 578 1742 vei
595 1678 752 1742 Christum
766 1679 925 1744 hominem
939 1681 1036 1743 fuisse
1052 1681 1169 1762 absque
1186 1679 1258 1762 deo,
1274 1687 1307 1744 ut
1322 1680 1444 1745 Cerin-

269 1783 357 1862 thus,
371 1781 510 1862 Hebion,
524 1781 677 1848 Artemon
693 1787 724 1844 et
738 1781 899 1848 Photinus.
936 1783 982 1846 Ex
1001 1785 1088 1864 istis,
1107 1786 1253 1866 inquam,
1272 1786 1299 1847 si
1318 1786 1372 1866 qui
1396 1783 1445 1848 ad

197 1865 209 1890 ’
270 1905 327 1949 nos
343 1886 497 1964 venerint,
512 1905 576 1948 non
592 1883 813 1967 requirendum
828 1885 867 1948 ab
884 1885 928 1949 eis
940 1892 1045 1949 utrum
1057 1885 1205 1970 baptizati
1217 1888 1290 1966 siut,
1305 1907 1345 1948 an
1356 1907 1444 1968 non,

270 1987 326 2052 sed
346 1987 405 2052 hoc
429 1991 567 2068 tantum,
590 1989 617 2052 si
639 1987 768 2050 credant
790 1985 855 2050 ¹²in
878 1988 1028 2052 ecclesiae
1051 1987 1159 2069 iidem,
1182 1994 1214 2051 et
1237 1989 1445 2073 baptizentur

272 2089 515 2154 ¹³ecclesiastico
532 2089 729 2175 baptismate.

111 2199 252 2304 (Cgffifflj
288 2265 291 2276 ,
335 2192 478 2271 Quotidie
501 2192 724 2258 leucharistiae
746 2196 998 2260 communionem
1012 2197 1173 2280 percipere
1189 2215 1247 2258 nec
1268 2193 1357 2258 laudo
1373 2215 1442 2260 nec

269 2294 438 2380 ²vitupero.
463 2295 615 2362 Omnibus
631 2302 736 2360 tamen
752 2299 917 2363 dominicis
929 2297 1039 2364 diebus
1053 2296 1345 2362 communicandum
1359 2318 1441 2362 sua-

272 2399 329 2465 deo
348 2405 380 2463 et
398 2399 521 2479 hortor,
543 2400 570 2462 si
590 2405 696 2463 tamen
715 2421 805 2464 mens
825 2400 877 2463 ³in
891 2401 1004 2464 affectu
1020 2401 1172 2484 peccandi
1187 2421 1251 2464 non
1266 2402 1315 2464 sit.
1354 2400 1443 2465 biam

270 2503 441 2568 habentem
461 2501 562 2565 adhuc
584 2501 776 2567 voluntatem
790 2503 943 2586 peccandi
963 2506 1084 2584 gravari
1106 2506 1206 2586 magis
1227 2502 1296 2566 dico
1319 2501 1439 2565 eucha-

270 2609 376 2671 ristiae
391 2607 590 2692 perceptione
606 2624 701 2688 quam
716 2605 902 2690 ‘purificari
926 2605 965 2668 Et
979 2605 1048 2669 ideo
1062 2599 1204 2690 quamvis
1220 2607 1289 2689 quis
1304 2613 1439 2690 peccato

270 2709 459 2789 mordeatur,
473 2707 627 2792 peccandi
642 2729 704 2772 uon
719 2707 833 2771 habeat
848 2707 886 2771 de
903 2713 1006 2772 cetero
1022 2707 1226 2789 voluntatem,
1246 2719 1278 2772 et
1293 2729 1438 2772 commn-

270 2815 431 2878 nicaturus
452 2809 625 2874 satisfaciat
644 2809 781 2875 lacrimis
803 2816 834 2874 at
854 2811 1062 2892 orationibus,
1083 2817 1114 2874 et
1134 2809 1295 2876 confidens
1316 2809 1354 2874 de
1377 2809 1439 2874 do-

270 2917 349 2980 mini
363 2915 578 2994 miseratione,
601 2913 654 2997 qui
673 2919 805 2998 peccata
823 2915 893 2998 piae
916 2913 1104 2978 confessioni
1125 2914 1239 2978 donare
1261 2915 1439 2994 consuerit,

271 3017 400 3082 accedat
414 3017 454 3080 ad
470 3015 690 3080 eucharistiam
703 3015 879 3100 intrepidus
895 3021 927 3079 et
941 3037 1079 3080 securus.
1102 3015 1165 3080 Sed
1177 3016 1233 3080 hoc
1247 3015 1285 3079 de
1297 3013 1351 3078 illo
1364 3015 1438 3080 dico

273 3141 365 3204 quem
381 3117 527 3203 capitalia
546 3118 594 3182 ⁵et
608 3117 752 3182 mortalia
765 3125 895 3204 peccata
910 3137 973 3184 non
988 3125 1131 3202 gravant:
1152 3139 1226 3182 nam
1241 3139 1336 3202 quem
1351 3139 1436 3182 mor·

272 3221 346 3286 tedia
361 3223 492 3286 crimina
505 3227 577 3306 post
592 3221 783 3305 baptismum
798 3224 966 3285 commissa
981 3229 1138 3306 premunt,
1154 3221 1258 3286 hortor
1273 3223 1361 3306 prius
1376 3241 1436 3305 pu·
1542 3225 1543 3238 ¹

271 3325 354 3392 blica
369 3325 561 3410 paenitentia
576 3323 767 3404 satisfacere,
783 3329 815 3386 et
829 3325 873 3387 ita
887 3323 1057 3388 sacerdotis
1072 3323 1187 3388 iudicio
1199 3323 1437 3388 reconciliatum

272 3428 484 3496 communioni
506 3425 633 3508 sociari,
654 3427 681 3490 si
700 3425 767 3491 vult
785 3447 849 3490 non
870 3425 908 3492 ad
924 3426 1075 3492 iudicium
1095 3433 1127 3490 et
1142 3426 1437 3492 condemnationem
1542 3493 1543 3512 ,

270 3615 295 3669 3.
307 3610 403 3668 nomen
411 3614 492 3677 „alti”
505 3615 576 3684 apud
582 3611 695 3666 Eimeud.
730 3613 754 3667 4.
764 3614 889 3667 iuom.ed.
903 3613 1017 3666 Elmand.
1052 3613 1076 3666 5.
1087 3611 1131 3665 Sic
1138 3612 1210 3667 MSS.
1223 3611 1437 3666 AteditiPauiini

271 3683 391 3755 (bened.)
414 3681 610 3762 Pauliniutatet
626 3685 702 3733 etiam
719 3684 777 3734 edit.
791 3681 914 3746 almona,
933 3683 1002 3734 nulla
1021 3691 1109 3734 ructata
1121 3685 1176 3736 cod.
1191 3682 1304 3734 Floreat.
1317 3687 1437 3735 varicato

270 3748 1437 3938 tttttt1a.⁶·1.⁸¹Jtttttt?{ttttttttttttttttttttttthtt

271 3889 351 3953 niani,
363 3889 408 3958 qni
419 3903 488 3940 nunc
500 3891 527 3938 iu
565 3887 612 3938 cet
627 3887 673 3938 Gr.
685 3887 795 3940 dicaam.
806 3895 862 3939 tom.
872 3889 895 3948 J,
905 3905 931 3956 p.
948 3885 1002 3940 776
1013 3905 1048 3955 eq.
1079 3887 1111 3938 Iu
1123 3889 1178 3941 cod.
1192 3886 1305 3940 Floreat.
1319 3897 1378 3940 tecta
1390 3885 1436 3938 EI-

271 3957 422 4010 montanae
434 3965 497 4008 totus
509 3954 551 4006 tic
564 3957 632 4006 locus
643 3959 682 4006 ita
693 3973 720 4006 sa
732 3955 808 4007 tabet
818 3954 950 4024 Simphori
959 3959 1029 4020 (sic),
1041 3953 1200 4020 Fortunam,
1210 3955 1382 4018 Montauitae,
1391 3955 1436 4024 qui

272 4032 298 4079 st
309 4023 463 4078 Priscilliani
473 4023 515 4076 rel
525 4023 679 4076 Maximiani
691 4027 767 4092 atque
779 4021 933 4077 Manichaei.
979 4023 1002 4077 7.
1014 4024 1175 4076 Montanitse
1187 4023 1232 4092 qui
1244 4029 1270 4076 et
1280 4021 1437 4076 Priscilliani

272 4102 299 4148 et
309 4093 456 4150 Manichaei
467 4093 527 4145 edit.
540 4091 656 4143 Etrusci.
707 4089 731 4143 8.
744 4092 864 4161 variaque
877 4095 935 4144 edit.
949 4091 1064 4145 Elmeat.
1116 4093 1139 4146 9.
1157 4097 1222 4144 tetra
1239 4095 1270 4143 ut
1285 4090 1369 4144 Baida
1380 4093 1436 4143 eod

274 4158 385 4216 Floreat.
441 4161 479 4213 10.
496 4158 569 4212 MSS.
586 4157 718 4214 Thodotus
735 4161 776 4211 ecl
790 4157 939 4214 Theudotus
957 4159 1076 4228 (Bened.)
1089 4159 1235 4214 Theodotus
1252 4161 1307 4226 cod,
1322 4160 1435 4212 Floreat.

275 4229 314 4284 11.
326 4229 412 4283 hiulca
424 4231 479 4282 cod.
494 4227 605 4282 Floreat.
660 4227 698 4280 12.
716 4227 742 4280 in
755 4246 800 4282 om.
813 4231 872 4281 edit.
890 4229 1006 4284 Ebaeub.
1061 4227 1100 4282 13.
1118 4227 1291 4282 ecclesiastico
1304 4228 1331 4281 id
1343 4235 1382 4280 est
1394 4245 1435 4280 ea·

272 4297 367 4352 tholieo
380 4299 412 4350 ba
431 4297 534 4350 demate
544 4299 599 4350 eod.
611 4295 723 4351 Floreat.

341 4365 402 4436 Gap.
469 4363 512 4418 111.
525 4395 558 4405 —
576 4365 598 4417 1.
611 4363 793 4418 eucharistiam
804 4365 935 4436 percipere
945 4367 1026 4430 „ab'd'
1036 4385 1077 4436 ep.
1091 4363 1206 4418 Elmeni.
1240 4365 1264 4418 2.
1275 4364 1434 4436 reprebendo

273 4433 354 4496 „clia”
367 4453 383 4484 α
404 4475 409 4487 .
425 4432 540 4486 Eimenb.
593 4431 617 4484 3.
633 4432 678 4484 Sic
690 4433 762 4485 MSS.
775 4434 813 4484 Aa
823 4437 886 4486 editi
898 4437 933 4501 [et
944 4433 1070 4502 Educet]
1083 4435 1139 4487 sino
1151 4431 1244 4487 affectu
1256 4433 1381 4504 poccanffi
1392 4433 1434 4486 sit.

275 4499 382 4618 &Bensd
415 4515 467 4552 uon
490 4497 585 4552 affectu
625 4501 731 4553 occandi
752 4501 814 4554 insit
834 4504 889 4556 cod.
907 4501 1020 4556 Floreat.
1070 4501 1095 4556 4.
1116 4502 1223 4572 purgari
1244 4504 1299 4554 cod.
1320 4501 1434 4556 Floreat.

294 4567 594 4624 ‚etmortaliaomccd
632 4569 720 4630 loram.
