3112 4986
600 185 688 244 nrbes
703 201 814 244 eumue.
1005 181 1016 194 '
1230 205 1291 269 245

117 363 194 426 nius
216 361 281 426 iam
302 361 429 426 omnino
452 359 606 426 defecisse
628 363 778 443 testatur,
800 363 900 426 victos
920 382 940 426 a
961 357 1133 447 Theophilo
1149 360 1288 448 Apamec

117 466 280 550 episeopo.

186 565 428 650 Quadragesimo
442 565 511 632 loco
527 571 739 652 apparuerunt
753 565 930 652 apostolici,
953 569 1005 651 qui
1026 587 1059 631 se
1080 565 1139 631 heo
1160 570 1288 633 nomine
1307 583 1358 636 0⁸12·
1372 583 1415 626 u·

118 669 308 752 adroganter
330 669 481 756 appellari
502 669 670 734 uoluerunt
695 689 731 734 eo
756 669 839 752 qnod
865 672 899 734 in
920 691 1009 734 suam
1035 672 1288 736 communionem

118 793 185 837 non
200 773 356 858 recipiunt
371 778 494 837 utentes
511 771 694 856 coniugibus
710 779 742 836 et
757 793 806 836 res
821 776 962 858 proprias
977 773 1193 859 possidentes,
1209 793 1286 857 qua·

117 875 167 940 les
182 875 279 940 habet
294 875 448 942 catholica
462 885 494 940 et
507 875 679 941 monachos
695 882 727 939 et
738 875 866 942 cl'ericos
877 875 1039 962 plurimos.
1062 875 1136 942 Ideo
1150 897 1221 958 ergo
1233 879 1287 940 isti
1328 916 1336 930 ·

118 979 271 1043 haeretiei
286 985 370 1062 sunt,
386 981 459 1063 qnia
474 1001 507 1043 se
523 981 562 1044 ab
578 979 713 1044 ecclesia
727 985 908 1064 separantes
923 979 1042 1044 nullam
1058 999 1147 1065 spem
1159 999 1212 1044 eos
1228 1000 1286 1064 pu·

117 1086 191 1146 tant
204 1081 321 1148 hebere
336 1085 391 1166 qui
405 1089 535 1148 utuntur
548 1083 598 1146 his
613 1083 708 1148 rebus
723 1083 836 1168 quibus
851 1085 911 1169 ipsi
928 1089 1044 1148 carent.
1072 1083 1129 1147 llis
1141 1085 1175 1146 in
1186 1103 1222 1148 eo
1237 1089 1285 1146 te·

118 1187 268 1250 stimonio
284 1186 418 1250 occurrit
433 1185 580 1269 ccclesia,
595 1189 628 1250 in
643 1207 703 1270 quo
719 1185 796 1250 dicit
811 1186 1002 1270 ¹apcstolus,
1022 1186 1154 1250 Etiamsi
1174 1205 1287 1271 corpus

118 1307 226 1352 meum
240 1308 304 1352 non
319 1287 420 1352 solum
435 1288 635 1353 abstinentiis
647 1309 812 1370 macerem,
828 1289 884 1353 sed
897 1291 992 1353 etiam
1004 1287 1126 1352 tradam
1137 1309 1209 1353 eum
1220 1291 1286 1372 igni

118 1396 155 1454 nt
169 1390 288 1473 ardeat,
303 1393 465 1456 caritatem
480 1396 585 1455 autem
600 1413 663 1456 non
678 1391 821 1474 habeam,
836 1392 914 1456 nihil
929 1393 1006 1456 mihi
1021 1393 1159 1476 prodest.

183 1494 221 1558 In
243 1495 512 1577 quadragesimam
536 1505 567 1558 et
588 1497 722 1580 primam
744 1493 900 1559 haeresim
922 1495 1094 1560 Sabelliani
1114 1517 1134 1558 a
1148 1493 1285 1560 Sabellio
1304 1507 1355 1554 Cne-
1369 1507 1422 1549 ιιι.

117 1600 329 1678 incurrerunt,
344 1599 448 1682 ipsum
464 1597 525 1662 sibi
539 1604 671 1682 patrem,
686 1601 791 1682 ipsum
805 1597 867 1662 sibi
881 1597 996 1680 filium,
1015 1600 1120 1684 ipsum
1135 1597 1197 1662 sibi
1211 1617 1285 1662 san·

119 1705 206 1764 ctum
223 1701 367 1785 spiritum
384 1700 579 1764 confitentes.
615 1701 657 1764 lli
677 1707 750 1765 sunt
765 1703 818 1785 qui
834 1707 866 1765 et
880 1701 1035 1765 Praxeani
1051 1701 1211 1783 dicuntur,
1232 1704 1287 1784 qui

118 1801 299 1868 habuerunt
317 1805 400 1867 inter
420 1805 512 1866 initia
525 1803 680 1868 Praxeam
700 1802 857 1888 quendam
877 1803 1047 1869 doctorem.
1083 1804 1238 1868 Dicuntur
1254 1809 1286 1868 et

118 1905 380 1988 Hermogeniani,
397 1907 470 1990 quia
484 1905 714 1988 Hermogenem
728 1906 906 1972 habuerunt
920 1907 954 1972 in
970 1906 1101 1972 Sabellii
1116 1908 1283 1972 contuber-

118 2010 181 2073 nio.
219 2008 276 2071 His
291 2011 427 2074 occurrit
440 2009 609 2074 Dosithens
630 2011 795 2096 episcopus
811 2009 990 2093 Seleuciae,
1012 2011 1128 2076 docens
1149 2031 1221 2076 eum
1234 2017 1283 2077 to-

119 2117 186 2176 tam
200 2112 374 2176 trinitatem
390 2131 515 2195 negare,
531 2111 606 2176 dum
621 2133 655 2176 se
668 2115 814 2178 aestimat
825 2116 978 2178 unitatem
990 2109 1168 2178 defendere.
1190 2114 1287 2180 Pater‘

120 2217 205 2278 enim
220 2215 389 2297 ingenitus,
404 2213 488 2278 filius
503 2215 637 2298 genitus,
654 2217 782 2301 spiritus
797 2223 926 2282 sanctus
941 2217 1115 2303 procedens
1131 2238 1171 2281 ex
1184 2223 1284 2303 patre,
1394 2245 1402 2260 ·

120 2317 297 2400 coaequalis
312 2336 369 2402 per
384 2319 489 2382 omnia
503 2321 586 2403 patri
601 2323 634 2382 et
648 2319 721 2384 filio.
758 2319 867 2384 Deitas
883 2323 968 2385 euim
989 2323 1035 2384 sic
1051 2322 1164 2406 recipit
1178 2323 1282 2385 uuita·

119 2425 185 2485 tom
200 2419 406 2502 substantiae,
421 2427 457 2484 ut
472 2421 707 2487 distinctionem
721 2443 873 2507 personae
889 2445 953 2489 non
968 2422 1088 2510 perdat.

184 2522 460 2606 Quadragesimam
485 2529 516 2587 ct
539 2525 711 2590 secundam
734 2525 890 2592 haeresim
913 2527 1093 2610 Origeuiani
1114 2525 1283 2592 inchoave-
1302 2551 1352 2604 cap.
1365 2553 1432 2596 surr.

120 2631 205 2708 runt,
221 2625 390 2710 aquodam
406 2625 714 2710 1Origene,nonill0
730 2631 783 2714 qui
798 2629 863 2694 iere
879 2627 1024 2695 omnibus
1040 2635 1133 2694 nctus
1149 2636 1211 2713 est,
1227 2631 1284 2696 sed

118 2729 180 2794 alio
196 2727 274 2813 Syro
290 2728 424 2812 quodam
435 2729 694 2815 sceleratissimo,
710 2732 748 2798 de
761 2753 820 2816 quo
833 2732 909 2798 dicit
919 2733 1111 2819 Epiphanius
1124 2734 1207 2818 quod
1217 2739 1284 2800 tam

118 2834 225 2917 turpia
239 2831 390 2914 docuerit,
405 2838 440 2898 ut
454 2853 513 2898 nec
530 2833 666 2900 debeant
679 2855 737 2921 per
751 2837 939 2922 scripturam
955 2835 994 2900 ad
1007 2841 1128 2903 nostros
1140 2843 1282 2922 posteros

119 2935 282 3001 destinari.

184 3035 461 3121 Quadregesimam
483 3045 515 3103 ct
536 3043 662 3106 tertiam
683 3041 840 3108 haeresim
860 3042 913 3108 alii
934 3043 1113 3127 Origeuiani
1134 3047 1282 3112 continno
1299 3065 1353 3120 cap.
1366 3066 1442 3110 xum

118 3141 283 3206 subsecuti
298 3147 382 3222 suut,
397 3148 432 3206 ut
447 3142 524 3208 dicit
537 3143 741 3230 Epiphaniae,
756 3149 809 3230 qui
825 3151 857 3210 et
871 3153 1063 3213 mortuorum
1078 3153 1281 3216 resurreetio·

118 3265 191 3309 uem
207 3251 340 3327 negant,
361 3245 477 3310 Christi
498 3253 603 3312 autem
625 3255 801 3314 creaturam
821 3270 890 3314 csse
912 3257 1056 3316 sanetum
1072 3255 1217 3337 spiritum
1233 3253 1281 3318 di-

119 3352 206 3429 cunt,
221 3347 402 3432 paradisum
418 3355 521 3414 antem
538 3357 569 3414 et
584 3350 687 3416 caelos
703 3351 867 3436 allegorico
878 3352 965 3418 dieta
975 3356 1145 3420 firmantes.
1168 3357 1209 3421 Hi
1221 3357 1281 3422 duc

120 3449 271 3534 Origenes
287 3451 401 3536 ¹prava
416 3472 555 3536 quaeque
571 3471 652 3538 quae
667 3458 860 3541 seripserunt
870 3456 1019 3522 haeretici
1031 3465 1061 3522 et
1072 3461 1212 3544 perversi
1224 3459 1280 3525 dc·

121 3559 222 3620 atores
237 3559 344 3618 nostro
361 3553 486 3638 Origcni
502 3555 653 3623 catholico
669 3561 829 3624 tractatori
844 3562 1052 3645 miscuerunt,
1073 3567 1108 3626 ut
1128 3561 1280 3648 adimple-

120 3663 208 3722 retur
225 3655 308 3742 quod
327 3657 441 3724 dicitnr
460 3679 479 3723 a
500 3658 625 3727 domino
645 3663 680 3727 in
700 3661 885 3746 evangeliis,
905 3661 1036 3731 2Νοιιιιι
1052 3663 1167 3731 docum
1180 3687 1281 3732 semen

170 3875 662 3948 uap.xL.-1.1.ccrinth.xrss‚3.

170 3946 234 4016 Gap.
247 3945 326 4028 nnn.
338 3977 371 3988 -
394 3949 416 4000 1.
428 3949 504 4000 Hune
519 3954 668 4020 scriptorem
685 3953 747 4004 daos
763 3954 939 4021 confiaqeotem
954 3952 1001 4008 οη·
1018 3971 1088 4021 enee,
1106 3954 1149 4008 dic
1166 3959 1280 4027 ctpcule

116 4024 183 4086 poet,
196 4023 294 4066 uenter
302 4020 455 4085 perstringit
465 4017 573 4070 Hostias
585 4019 627 4073 lib.
640 4019 665 4072 I.
682 4019 830 4089 Origeuiae.
844 4040 902 4091 cap.
916 4021 939 4076 I.
952 4025 975 4089 §.
994 3973 1060 4086 dir,
1075 4042 1139 4094 pay.
1152 4023 1190 4089 5.,
1204 4030 1246 4095 qui
1258 4035 1283 4080 ct

120 4084 304 4136 animaduertit
314 4085 407 4136 diserte
420 4103 524 4154 aegaeae
535 4088 565 4138 id
576 4086 729 4151 Barbatum,
746 4091 821 4140 Amul
853 4108 865 4141 e
877 4109 971 4143 causac
983 4110 1029 4144 car
1041 4093 1133 4162 duplex
1137 4093 1280 4162 fiaqoretur

123 4151 244 4219 origem
257 4159 330 4204 ceute
338 4157 525 4224 pmeetiqasee
537 4157 574 4208 cd
585 4173 644 4209 aaa.
658 4155 714 4209 256.
727 4159 751 4222 §.
763 4155 815 4208 XL
844 4157 884 4210 ΙΙ.
911 4159 973 4211 Post
983 4159 1102 4214 Haetiam
1117 4163 1184 4214 idem
1201 4165 1279 4215 adoc-

121 4219 356 4340 tcrunpgotelerias
366 4221 477 4360 ίΓιέοιιῐιιιιῐι.
490 4222 563 4276 Eecl.
579 4224 625 4279 Gr.
639 4232 694 4276 tom.
707 4221 735 4289 Ι,
748 4243 778 4295 p.
792 4224 862 4290 778„
875 4237 900 4279 et
910 4226 1017 4283 Fabrtc.
1031 4225 1098 4282 Bibt.
1114 4231 1160 4285 Gr.
1174 4240 1229 4286 tom.
1248 4231 1277 4295 V,

117 4307 181 4360 paq.
245 4297 347 4342 ,uota
404 4307 445 4344 a.

171 4355 208 4410 Ca
229 4399 235 4410 .
247 4355 339 4410 XLIII.
351 4389 384 4399 —
399 4359 420 4413 1.
433 4359 478 4412 Ita
491 4359 567 4413 tutet
577 4363 631 4414 cod.
643 4379 688 4414 aas.
701 4361 835 4417 Ducem.
848 4379 912 4433 prar
977 4381 1007 4420 ac
1019 4366 1115 4438 scripta
1126 4372 1195 4422 sunt.
1212 4367 1278 4422 Eae·

120 4425 194 4479 retici
233 4423 341 4546 &dep
371 4443 434 4481 rara
485 4445 568 4500 aeque
583 4430 749 4502 seripserunt.
778 4380 1070 4504 naeretieildlllflem„
1088 4446 1112 4489 et
1126 4437 1182 4494 edd.
1199 4435 1276 4498 Sirra.

124 4495 245 4547 &dicad
326 4537 332 4550 .
389 4495 436 4552 tth.
499 4497 517 4552 1.
530 4497 571 4551 27.
