3112 4986
530 281 865 329 nnnarnnsreueumnn
1219 282 1280 346 225

105 445 173 490 tuus
192 437 274 490 etiam
290 453 336 506 pro
352 435 448 490 nostris
464 437 591 506 peccatis,
616 453 675 490 oum
691 452 724 488 ea
740 451 807 508 quae
825 453 877 490 non
893 441 1015 506 rapuerat
1031 433 1201 506 persolveret,
1218 435 1281 490 deus

105 505 191 560 homo
205 504 341 558 amortuis
353 520 493 574 resurgens
505 504 620 560 aseendit
631 506 658 558 in
670 505 779 558 coelum.

179 572 338 642 Eutychiani
354 574 387 626 ab
404 572 520 642 Eutyche
556 574 650 626 nodam
669 573 971 643 Constantinopolitanae
988 572 1113 626 ecclesiae
1147 572 1281 641 resbytero

106 645 203 704 (addit
242 645 312 696 idam
322 645 401 694 ceder
409 591 553 710 morracio?
562 644 645 695 exorti
654 648 727 706 sunt,
739 644 784 712 qui
796 659 856 696 curn
865 641 994 695 videretur
1002 642 1115 694 refutare
1123 589 1281 706 hostorium,

106 713 136 764 in
155 661 335 781 Apollinarem
351 709 587 781 Manichaeumqne
604 711 735 774 transivit,
757 717 783 763 et
797 709 966 776 humanitatis
983 711 1011 762 in
1028 708 1130 762 Christo
1147 709 1287 792 denegans·

105 781 263 844 veritatem,
281 779 405 850 quicquid
421 795 437 830 a
454 779 533 832 verbo
550 785 653 832 nostrae
665 780 829 849 proprietatis
841 783 972 848 receptum
985 783 1037 844 est,
1054 778 1156 830 divinae
1168 784 1281 831 tantum·

106 847 192 902 modo
211 849 316 900 ascribit
332 848 488 913 sententiae,
507 853 536 900 ut
551 853 743 902 sacramentum
761 848 852 900 salutis
870 846 1012 911 humanae,
1027 847 1099 967 guod
1116 864 1170 900 nou
1187 848 1239 900 nisi
1254 847 1282 899 in

107 923 225 986 utraque
243 917 390 968 substantie
406 921 444 968 est
460 923 584 980 nostram,
601 917 629 968 in
648 914 749 969 Christo
762 922 883 969 naturam
894 915 1014 996 negando
1044 915 1190 980 issolveret,
1202 916 1283 970 stulta

107 985 249 1054 impietate
260 1001 314 1038 non
325 986 440 1038 sentiens
452 986 573 1037 universo
585 985 684 1054 corpori
696 984 792 1037 auferri
803 983 872 1054 quod
885 1001 915 1036 ca
933 985 965 1036 rti
975 984 1108 1038 defuisset.

183 1052 285 1106 Hortum
296 1053 438 1106 tenedum
451 1062 518 1105 certe
534 1053 709 1106 Timotheum
719 1057 791 1122 infru
804 1072 897 1124 quoque
924 1053 1125 1122 eprehendemue‚
1136 1056 1164 1104 in
1175 1061 1283 1122 quatuor

110 1123 303 1184 Gennadianio,
319 1126 348 1173 in
360 1123 501 1192 appendice
513 1123 592 1174 libelli
602 1121 916 1189 Pseudo-Hieronymiuui.
942 1121 976 1173 Iu
987 1123 1043 1176 cod.
1055 1139 1100 1176 ms.
1113 1139 1181 1173 saec.
1201 1121 1281 1174 Vm.

107 1192 153 1243 vel
165 1188 218 1248 IX.
230 1191 289 1242 olim
302 1189 429 1252 Rodiensi,
440 1208 506 1242 ortuo
524 1189 709 1242 Vindoboneuei
725 1209 748 1243 u.
768 1189 899 1244 Oooxll.
914 1191 1030 1259 capitula
1045 1194 1137 1259 spuria
1149 1191 1180 1242 de
1192 1189 1282 1242 Nesto-

109 1263 201 1310 riam's
218 1268 243 1311 et
257 1257 429 1326 Eutychianos
445 1262 498 1310 iam
509 1261 559 1328 sol.
569 1257 614 1310 20.
628 1278 650 1311 v.
666 1259 779 1328 epistolia
797 1258 985 1319 Quodvultdeus
999 1262 1147 1328 praemissa
1162 1267 1231 1320 euut,
1250 1259 1282 1309 ub

110 1329 173 1379 alio
184 1335 284 1379 semera
296 1345 379 1391 manu,
392 1345 447 1378 cum
459 1326 510 1379 luno
522 1336 597 1380 roro.-
611 1326 674 1391 „hoc
683 1327 762 1380 adiun
782 1327 879 1380 endum
888 1331 928 1379 est
938 1326 965 1378 in
975 1325 1027 1380 fine
1036 1327 1169 1397 sequentis
1178 1325 1283 1380 libelli.’'

110 1396 155 1464 Cf.
173 1394 317 1448 Endlu'cluer
334 1395 419 1450 Cetei.
438 1393 517 1450 Codd.
536 1395 629 1449 Pudet.
642 1393 732 1450 Latin.
776 1397 818 1448 ill.
831 1395 919 1448 Pauor.
937 1394 1043 1448 Vindoh.
1052 1412 1081 1464 p.
1093 1393 1157 1449 216.
1182 1395 1283 1448 laced.

110 1481 159 1517 me.
179 1463 270 1518 Veneto
281 1463 308 1516 S.
319 1463 409 1516 Marci
417 1467 463 1533 (qs.
476 1463 583 1516 Zonetti
594 1464 679 1518 Gatal.
692 1473 747 1517 tom.
760 1464 801 1516 ΙΙ.
809 1483 838 1534 p.
850 1463 906 1528 42.)
919 1463 969 1516 luae
982 1465 1048 1516 duae
1059 1464 1179 1516 haereseo
1196 1467 1224 1514 iu
1230 1465 1283 1532 flue

110 1533 196 1585 libelli
206 1541 265 1584 suut
274 1534 381 1584 additos
393 1551 447 1583 curn
459 1533 510 1584 luae
522 1542 595 1585 uota:
610 1532 738 1603 „Explicit
748 1533 814 1584 liber
825 1531 857 1584 de
867 1531 1033 1586 Haeroeibus.
1068 1531 1138 1586 Haec
1151 1531 1202 1584 duo
1214 1531 1284 1601 oapi·

109 1602 172 1654 tula
183 1617 250 1682 qnae
266 1607 425 1666 assuuntur,
442 1601 542 1653 scilieet
552 1601 711 1666 Nestoriani,
729 1599 885 1670 Eutychiani
896 1616 912 1652 a
923 1601 949 1652 S.
962 1599 1072 1653 Vinudio
1085 1603 1145 1664 (oio)
1163 1600 1282 1669 episcopo

109 1669 274 1724 Massiliensi
292 1673 352 1735 (sic)
371 1668 489 1722 dicuutur
505 1670 633 1740 apposite.
667 1669 755 1739 Aliqui
766 1675 854 1722 temen
866 1667 925 1722 libri
936 1667 1033 1721 habent
1044 1669 1095 1720 ista
1106 1667 1157 1720 duo
1170 1669 1284 1737 capitula

110 1745 176 1792 ante
187 1737 261 1792 illum
272 1739 359 1792 locuni
372 1739 490 1807 superius
502 1740 629 1808 positum:
652 1737 719 1791 Ecce
737 1753 816 1808 quarn
831 1737 927 1790 multae
944 1737 1205 1790 commemoravimus
1222 1735 1283 1788 hae-

111 1807 212 1861 reses.’'
247 1805 281 1858 In
292 1805 493 1858 ante-Mourisios
508 1807 648 1874 Augustini
659 1807 809 1858 editionibus
824 1816 849 1859 et
892 1815 978 1858 ortam
989 1807 1021 1859 de
1031 1804 1284 1858 Proedertr'natiuuir

112 1878 234 1928 additum
244 1879 357 1928 inueniri
371 1893 410 1926 ure
426 1877 517 1928 docem
529 1875 608 1928 uerba
618 1873 749 1928 Simurdi
762 1875 830 1930 flue.
842 1823 1002 1928 lqruaedestiu.
1015 1891 1038 1930 e.
1053 1875 1088 1938 6.,
1100 1883 1126 1926 et
1139 1873 1184 1926 Tu.
1197 1873 1284 1942 Ittipii

112 1947 146 1998 de
158 1943 360 1998 Haereau'oreluie
372 1942 480 1996 Ditem.
491 1941 581 2012 Proes.
588 1961 654 2014 pop.
666 1943 707 1996 11.
