3100 4980
1234 301 1295 370 381

127 471 203 526 pers.
223 455 412 538 Cypriannsldo
424 461 487 510 orat.
501 455 639 510 Dominica
648 455 693 510 iol.
704 455 762 508 iii.
784 455 924 536 ingestio.
937 453 970 508 ad
981 453 1099 509 Boniisc.
1111 455 1187 574 epist.
1198 454 1297 510 XXIII.

129 525 164 576 ad
176 525 325 578 Ianuarium
337 530 411 595 epist
424 525 538 578 CXVIII.
550 525 673 578 Ambrae.
683 525 714 576 de
726 529 894 581 sacramentis
905 524 950 578 hb.
961 523 991 576 V.
1004 539 1059 593 cap
1068 521 1112 574 IV.
1148 539 1220 576 ieron
1239 540 1297 576 mas

129 593 165 646 sd
175 593 316 646 Lacinium
327 594 401 663 epist.
412 593 533 648 XXVIII.
546 594 591 648 iol.
604 593 645 646 38.
658 592 692 646 ad
702 593 838 646 HedibIam
848 593 925 672 epist.
935 591 984 646 GL.
996 596 1095 712 paaest.
1106 591 1130 645 2.
1143 590 1188 644 iol.
1197 540 1256 648 tiu.
1267 591 1297 644 ln

990 661 997 680 t

128 661 898 798 inanitatis,Pttlltli‘ttlittle
911 659 1083 783 titii
1094 659 1150 780 iii·
1162 657 1297 782 itit.

129 797 247 852 Thomas
259 799 377 868 Aquinas
388 805 453 868 part
463 799 487 852 3.
500 816 569 852 sam.
599 799 727 853 ascelina.
738 798 848 852 LXXX.
861 798 931 858 artic.
942 797 977 852 X.
1007 796 1068 850 Ideo
1087 813 1120 850 ae
1136 796 1298 858 sancituma

128 867 303 922 Pontificibus
309 867 484 932 Remmiam,
493 869 517 920 si
527 816 759 936 nominequentiua
769 867 862 920 saltem
873 873 912 918 ter
923 869 961 929 (ia
970 867 1054 918 nenati
1090 869 1173 926 omini,
1182 863 1297 928 Pescla,

130 945 157 988 et
165 936 324 1002 Pentecoste)
336 941 382 988 aut
393 937 426 990 ad
437 937 525 990 minus
537 936 618 988 semel
630 937 669 1004 lin
682 936 765 988 Coena
775 935 893 1001 Domini)
909 935 937 988 iu
949 951 1017 988 anna
1030 931 1201 986 eucharistiae
1213 949 1297 986 sacre-

127 1009 249 1058 mentum
261 1005 390 1058 seculares
402 1005 571 1073 susciperent,
583 1005 634 1057 nisi
646 1005 763 1056 niventes
775 1003 881 1056 omniuo
893 1003 926 1054 ab
938 1003 1060 1070 ingressa
1071 1001 1195 1056 ecclesias
1207 1001 1298 1066 arceri,

128 1079 157 1129 et
167 1073 266 1126 mortui
277 1071 424 1126 Christiana
434 1089 521 1126 carere
533 1073 629 1125 uellent
640 1073 781 1142 sepultura.
799 1071 897 1126 Concil.
908 1071 1081 1124 Lateranense
1093 1087 1114 1122 c.
1123 1069 1198 1126 XXI.
1217 1067 1296 1124 Cena.

128 1141 277 1196 Turonens.
290 1141 333 1196 lli.
352 1157 408 1210 cap.
418 1141 446 1194 L.
471 1141 568 1194 Concil.
580 1139 729 1210 Agathensa
746 1157 801 1210 cap.
810 1138 902 1194 LXIII.
925 1137 1024 1208 Corpus
1037 1139 1135 1192 Canon.
1147 1137 1260 1192 distinct.
1274 1137 1298 1192 2.

128 1209 269 1279 cstVI.
287 1208 452 1262 Barchardus
465 1209 665 1264 wormaciensis
683 1211 821 1278 episeopus
838 1209 882 1260 lib.
895 1207 925 1261 V.
942 1224 999 1276 cap.
1008 1205 1102 1260 XVIII
1124 1205 1169 1260 Iro
1182 1207 1296 1277 episcop.

130 1277 299 1330 Garnotensis
312 1283 376 1348 part.
386 1278 410 1330 i.
422 1294 479 1348 esp.
489 1277 597 1333 XXVII.
617 1277 727 1347 Capitul.
740 1277 831 1330 anoli
841 1277 932 1344 Magrni
950 1277 993 1341 lib.
1004 1275 1027 1328 2.
1045 1291 1075 1328 ca
1094 1273 1188 1328 .XLV.
1211 1273 1297 1328 Boua-

128 1352 242 1398 vcntara
254 1347 367 1416 episcop.
377 1347 531 1400 Albanensis
543 1363 621 1416 super
632 1347 774 1398 sententias
782 1345 851 1398 Petri
858 1343 997 1397 Lambardi
1009 1345 1053 1396 lib.
1063 1292 1105 1398 li.
1115 1343 1227 1396 distinct.
1236 1341 1296 1396 xli.

130 1414 311 1484 quaestioni.
323 1413 446 1468 numdi.
459 1421 485 1466 et
496 1432 523 1468 se
543 1421 613 1468 nent.
639 1413 785 1468 Ladovicas
797 1414 860 1482 Imp.
873 1413 996 1468 addition.
1007 1412 1031 1465 3.
1044 1411 1075 1464 ad
1088 1411 1235 1482 (lapitulare
1245 1411 1297 1465 Ks-

129 1483 182 1536 roli
192 1483 283 1552 Magni
295 1499 351 1553 cap.
362 1483 511 1537 XXXVIII.
525 1431 667 1536 irminam
679 1489 790 1536 sentent.
801 1483 846 1534 lib.
855 1481 898 1534 lV.
915 1479 1094 1536 distinetXil.
1112 1481 1256 1549 quaestion.
1266 1479 1296 1534 V.

129 1551 254 1604 Albertas
265 1551 379 1620 Magnus
392 1551 423 1606 de
435 1551 522 1604 cilicio
534 1553 630 1604 missae
639 1555 713 1605 tract.
724 1550 748 1604 3.
757 1567 813 1619 cap.
823 1549 897 1604 XXI.
916 1549 1008 1602 Graeci
1016 1549 1042 1602 in
1052 1547 1227 1602 Orientalibus
1238 1564 1296 1618 par·

130 1619 202 1672 tibus
215 1637 268 1672 non
280 1620 403 1688 quotidie,
415 1620 461 1672 sed
472 1621 535 1672 solis
547 1619 638 1672 diebus
649 1620 724 1672 iestis
736 1623 763 1670 el
774 1618 909 1672 dominicis
922 1618 1154 1680 communicarunt.
1171 1615 1296 1670 Athenas.

131 1693 197 1742 tom.
211 1687 232 1742 Ι.
250 1690 353 1758 apolog.
368 1689 392 1742 2.
409 1687 590 1742 folcmaro,
618 1689 659 1742 Au
697 1688 757 1740 stin.
774 1687 806 1740 de
822 1687 908 1738 verbis
926 1687 1024 1740 domini
1039 1685 1182 1740 secuudum
1198 1685 1297 1738 Lucam

129 1763 193 1808 tem.
203 1757 238 1811 X.
251 1773 363 1810 sermon.
372 1755 494 1810 XXVIII.
506 1756 552 1810 iol.
563 1756 604 1808 76.
615 1763 642 1810 et
670 1773 685 1810 e
696 1771 814 1810 sermone
831 1755 929 1807 domini
945 1755 972 1808 ia
983 1761 1071 1808 monte
1088 1751 1133 1808 lib.
1143 1753 1168 1808 i.
1180 1752 1225 1806 iol.
1237 1751 1296 1810 815.

129 1825 243 1876 Plurimi
260 1829 286 1876 in
306 1826 477 1878 Orientalibus
489 1826 609 1904 partibas
626 1843 674 1876 nors
729 1827 806 1877 otidie
828 1842 920 1879 coenae
937 1823 1088 1876 Dominicae
1105 1825 1296 1877 communicant.

130 1893 285 1948 Ambrosius
297 1893 329 1946 de
341 1899 511 1946 sacramentis
520 1893 565 1946 lib.
575 1893 605 1946 V.
615 1909 671 1962 cap.
682 1891 693 1944 Ι
718 1931 724 1946 .
736 1891 766 1944 Si
774 1894 936 1961 quotidianas
945 1895 1073 1960 emporis,
1086 1909 1132 1942 car
1158 1900 1196 1942 ost
1204 1909 1296 1942 αιιιιιιιιι

129 1964 203 2018 iliam
215 1966 303 2024 masis,
319 1964 525 2031 quenadmodum
543 1962 641 2014 Graeci
654 1965 682 2012 ia
697 1961 897 2027 Orientesaeere
915 1969 1100 2012 consueverant.
1128 1909 1181 2028 Xpsi
1193 1974 1296 2028 quoque

131 2031 217 2082 sancti
229 2035 315 2100 patres
332 2047 385 2082 non
401 2037 455 2082 tam
471 2031 604 2082 inculcant
619 2029 797 2099 qnotidianam
810 2034 837 2080 et
848 2029 964 2080 crebram
976 2027 1198 2091 communionem,
1216 2042 1296 2096 quam

131 2100 240 2168 ἀίξοιιιι
252 2104 473 2152 sacramentorum
485 2099 685 2168 perceptionem.
702 2097 860 2150 walafridus
870 2096 963 2150 Strabo
975 2095 1007 2148 de
1016 2095 1094 2148 rebus
1103 2097 1193 2148 eccles
1206 2093 1295 2149 cxx.

133 2169 284 2220 Gennadius
295 2168 467 2220 Massiliensis
474 2167 609 2236 presbyter
619 2171 647 2218 in
659 2169 774 2234 dapmate
786 2167 972 2228 ecclesiastico,
989 2169 1065 2233 perosi
1079 2169 1146 2216 inter
1162 2173 1258 2216 veteres
1273 2173 1298 2216 et

129 2240 245 2300 iuniores
255 2238 352 2288 medius
363 2240 483 2298 existens,
501 2253 556 2286 cam
568 2235 653 2288 adlnc
671 2237 720 2286 alii
732 2235 874 2286 Dominicis
891 2241 1000 2296 taratara,
1016 2236 1068 2284 iam
1081 2251 1173 2302 quoque
1184 2233 1298 2284 nonnulli

129 2307 288 2374 paoa'clianis
299 2309 513 2356 consmnnicarent
523 2305 617 2366 diebus,
629 2303 770 2358 huiusmodi
780 2303 914 2354 libramine
924 2305 1072 2355 sententiam
1082 2320 1154 2354 snam
1167 2309 1296 2370 temperat,

130 2383 160 2426 nt
170 2374 345 2442 qnotidianam
357 2372 530 2424 enclsaristiae
537 2375 724 2442 perceptionem
742 2389 786 2422 nec
804 2371 925 2433 laudare,
942 2387 987 2422 nec
1004 2373 1193 2490 vituperarem
1210 2372 1295 2434 dicat,·

130 2445 201 2494 omni
211 2459 271 2494 nere
283 2443 410 2494 dominica
422 2445 620 2504 communicare,
631 2444 656 2492 si
666 2441 794 2509 capitalia
801 2448 916 2507 peccata
925 2457 972 2490 non
979 2437 1059 2506 proici
1075 2447 1147 2500 earet,
1160 2446 1183 2490 et
1191 2457 1258 2490 niens
1269 2441 1296 2489 in

132 2511 301 2562 delectatione
308 2511 440 2578 peccandi
445 2512 532 2578 posita
545 2527 593 2560 non
605 2517 649 2571 est,
661 2508 785 2560 lsortctur.
802 2507 883 2576 Apud
896 2508 1009 2558 Graecos
1020 2524 1112 2576 qaoque
1121 2507 1168 2569 illi,
1180 2511 1223 2573 pai
1231 2508 1297 2560 deas

131 2579 176 2628 rel
186 2588 237 2630 tres
249 2580 390 2630 clinninicas
401 2581 455 2630 sine
467 2581 634 2628 communione
646 2579 802 2638 transierint,
814 2579 1028 2628 &comniunicnri
1038 2577 1165 2626 dicantem.
1183 2575 1294 2644 August.

130 2646 210 2715 epist.
220 2645 334 2699 (lXVlll.
353 2645 385 2697 sd
402 2645 552 2698 Ianuarium
566 2645 612 2698 tol.
622 2644 681 2698 360.
698 2645 804 2698 Ds'aerit
819 2645 912 2712 aliq-scis
928 2661 977 2694 aare
990 2645 1100 2712 qnotidie
1118 2645 1295 2712 accipiendam

132 2713 325 2769 eccleclesiam.
347 2713 457 2774 Quaeris
468 2717 565 2783 quare!
576 2717 705 2782 qnoniam,
722 2717 814 2780 inquit,
833 2713 944 2779 stipendi
953 2721 1011 2764 sarit
1022 2713 1089 2774 dies,
1107 2711 1195 2778 quibus
1202 2715 1296 2780 parias

130 2782 204 2834 lamo
216 2785 428 2850 continentinepae
439 2785 509 2844 sivit,
520 2801 566 2849 pao
579 2784 616 2834 ad
627 2791 722 2834 tantam
731 2788 920 2832 sacramentnm
932 2781 1023 2848 dipnns
1035 2783 1152 2832 accedat.
1172 2777 1224 2840 Qui
1231 2783 1295 2832 enim

129 2851 328 2902 manducaverit
338 2853 455 2916 indicna,
467 2852 589 2904 iudicium
600 2850 651 2901 sibi
661 2851 802 2902 manducat
812 2860 836 2900 et
848 2849 916 2903 didit.
945 2849 1023 2900 Alias
1034 2858 1137 2911 contra,
1154 2851 1239 2910 imenso,
1256 2851 1295 2899 in-

130 2922 195 2988 quit,
206 2921 230 2970 si
241 2927 314 2970 tanta
327 2929 364 2970 est
371 2919 455 2986 priapo
463 2923 570 2987 peccati
581 2928 609 2970 at
642 2923 773 2986 simpetns
787 2917 880 2979 morli,
897 2925 926 2968 ut
940 2919 1122 2970 medicamenta
1139 2917 1206 2968 talia
1223 2919 1251 2968 di
1271 2935 1294 2968 e·

130 2988 216 3038 reuda
222 2991 280 3049 sint,
291 2991 444 3038 auctoritate
451 2990 573 3038 antistitis
579 2988 609 3038 de
627 2996 651 3038 et
677 2989 762 3056 nmque
772 2986 805 3038 alr
815 2987 911 3038 altario
920 2989 1045 3038 remoreri
1052 2987 1089 3037 cd
1097 2987 1223 3052 apendarn
1231 3004 1296 3054 pae-

129 3059 272 3116 nitentium,
282 3065 305 3106 et
313 3057 400 3108 eadem
411 3059 547 3110 autoritate
555 3005 728 3106 reconciliari.
737 3053 795 3106 Hoc
805 3064 842 3106 est
849 3057 914 3106 enim
922 3055 1026 3122 indique
1035 3057 1163 3122 accipere,
1168 3059 1191 3104 sl
1200 3073 1227 3106 eo
1236 3064 1294 3106 tem-

125 3141 195 3194 pere
207 3127 330 3192 accipiat,
342 3142 388 3192 pao
401 3124 472 3176 delet
483 3140 560 3190 apere
568 3127 762 3191 paenitentiam,
774 3141 822 3176 nere
833 3133 861 3176 nt
872 3123 980 3175 arbitrio
991 3139 1035 3174 sao
1048 3141 1103 3174 cam
1115 3121 1186 3188 libet,
1198 3123 1238 3174 cel
1249 3142 1294 3174 aa·

124 3196 204 3260 serat
213 3209 240 3242 se
252 3195 417 3244 communioni
428 3193 469 3244 rel
478 3193 579 3245 reddat.
598 3190 730 3244 Caetemrm
741 3195 765 3242 si
773 3199 886 3260 peccata
898 3199 971 3243 tanta
984 3209 1031 3242 non
1042 3199 1107 3253 sant,
1119 3199 1147 3242 at
1157 3209 1294 3243 ercamma-

131 3262 259 3316 nieandns
270 3263 399 3328 qaisquam
416 3259 487 3312 loma
502 3262 640 3322 indicetne,
656 3278 705 3312 aon
721 3278 747 3310 se
765 3261 865 3312 deleta
876 3261 1024 3327 quetidiana
1036 3261 1164 3311 medicina
1175 3263 1296 3312 dominici

131 3333 249 3397 corporis
259 3345 393 3397 separare.
414 3327 518 3380 Rectius
528 3331 595 3379 inter
606 3332 766 3396 confortasse
778 3333 908 3396 qnisquam
920 3329 1018 3378 dirimit
1029 3328 1094 3378 litem
1100 3365 1108 3390 ,
1124 3331 1168 3396 qai
1178 3336 1296 3378 monetat

126 3401 311 3466 praecipicia
324 3395 420 3448 Christi
426 3415 496 3466 pace
503 3405 680 3464 permaneant.
708 3395 805 3448 Faciat
816 3404 899 3446 autern
910 3398 1073 3464 ariaspnisqne
1084 3397 1150 3464 qaod
1160 3397 1294 3448 secandam

125 3466 207 3533 fidem
222 3483 294 3516 saara
336 3469 353 3517 'e
371 3467 453 3516 credit
468 3482 521 3516 esse
530 3467 691 3532 faciendam.
713 3463 812 3516 Neuter
829 3467 893 3516 einim
910 3481 991 3516 earnm
1010 3462 1148 3516 exhonorat
1164 3481 1255 3532 corpas
1271 3473 1296 3516 et

39 3597 44 3605 Ι
131 3536 282 3600 sanquinem
321 3536 409 3598 omini,
420 3537 445 3584 si
454 3533 645 3586 saluberrimam
657 3541 844 3584 sacramentnm
861 3535 977 3584 certatim
993 3531 1120 3586 honorare
1136 3534 1294 3584 erentendant.

132 3600 222 3670 Nepne
233 3605 298 3652 enim
310 3602 473 3668 litipaoerunt
484 3605 550 3652 inter
560 3619 595 3665 se,
608 3611 653 3653 aut
663 3605 793 3670 quisqaam
805 3618 888 3652 eorum
896 3617 923 3650 se
932 3601 1008 3652 alteri
1015 3598 1295 3668 proposuitZaclaeas

132 3679 160 3720 et
168 3671 213 3720 ille
225 3667 351 3732 Centurio,
364 3688 419 3720 carn
431 3671 496 3722 alter
507 3687 590 3720 eorum
600 3671 716 3736 pandens
726 3671 754 3719 in
765 3669 861 3721 domam
872 3686 944 3720 suam
960 3673 1100 3736 acceperit
1112 3669 1243 3732 dominnm,
1255 3669 1294 3720 al·

132 3747 173 3788 ter
185 3739 262 3790 duait.-
274 3755 322 3790 non
334 3755 385 3788 sam
399 3740 502 3805 aliquas,
520 3746 548 3788 at
558 3741 637 3790 intres
653 3737 697 3788 culn
710 3745 800 3788 tectam
812 3753 896 3791 mensa.
920 3735 1001 3788 Ambo
1011 3738 1165 3788 salvatorem
1177 3735 1293 3805 honorifi-

132 3815 229 3868 cantes,
242 3808 340 3858 direrso
353 3815 377 3858 et
387 3811 461 3874 qrtass'
469 3809 599 3858 cannetalo
609 3807 688 3868 modo,
701 3805 772 3856 ambo
779 3809 897 3873 peccatis
906 3809 999 3867 miseri,
1011 3805 1083 3856 ambo
1093 3807 1293 3858 misericordiam

132 3878 268 3928 consecuti.
303 3873 378 3926 Valet
392 3879 469 3928 enam
486 3877 523 3928 ad
538 3873 607 3926 larse
623 3875 822 3936 similitudinem,
839 3875 905 3942 pand
919 3877 946 3924 ia
958 3877 1045 3942 primo
1056 3875 1151 3942 popnlo
1163 3877 1294 3942 unicuique

130 3961 228 3994 manaa
239 3945 374 3994 secandam
381 3948 517 4011 propriam
528 3945 678 3996 volantatem
689 3946 717 3994 in
728 3960 771 3994 ore
786 3941 917 4010 camelam
933 3946 971 3993 sic
988 3947 1016 3993 in
1031 3957 1074 3994 ote
1091 3945 1208 4010 oniasque
1220 3941 1293 3994 Gla-

130 4015 213 4064 stiani
223 4019 409 4062 sacramentnm
420 4013 486 4063 illud
496 4014 614 4079 montedo
625 4020 740 4064 sumatur
752 4011 941 4062 aestimandum.
970 4009 1041 4062 Nam
1058 4019 1082 4062 et
1092 4011 1135 4060 ille
1147 4009 1294 4062 lanceando

130 4098 182 4132 nors
198 4081 276 4132 undet
290 4081 399 4146 qnotidie
414 4097 522 4143 camere,
540 4091 564 4132 et
579 4081 623 4132 ille
639 4079 787 4132 honorande
803 4097 851 4130 non
867 4081 944 4130 cadet
958 4079 1008 4130 allo
1027 4079 1067 4130 dic
1080 4083 1293 4146 praetermittere.

132 4148 303 4216 Contemptam
314 4149 392 4198 solam
404 4165 451 4198 reon
463 4149 517 4200 svalt
527 4148 597 4199 cidus
608 4149 659 4212 ille,
670 4153 738 4200 ment
748 4165 842 4198 muana
848 4148 994 4214 fastidiam.
1014 4145 1078 4199 Iade
1089 4150 1153 4198 enim
1163 4157 1187 4198 et
1195 4157 1293 4216 aposto·

131 4219 171 4270 las
182 4219 286 4283 iradipne
299 4217 364 4268 dicit
374 4231 436 4266 acce
456 4224 506 4266 tura
518 4216 550 4266 alr
563 4220 606 4277 eis,
618 4219 661 4282 pai
673 4234 721 4266 non
732 4215 909 4268 discernebant
917 4233 933 4266 a
944 4217 1053 4266 caele-ris
1062 4215 1126 4266 otiis
1135 4219 1293 4267 veneratione

129 4289 172 4336 sin
207 4285 299 4336 lariter
311 4284 403 4338 demta.
443 4281 623 4352 hryaostomas
640 4284 667 4335 in
684 4283 785 4352 epistol.
798 4281 871 4334 Pauli
887 4281 921 4334 ad
937 4281 1069 4334 Hebraeos
1082 4281 1192 4351 capLX.
1204 4281 1292 4336 homil.

129 4303 215 4407 XXIX.
224 4358 250 4404 st
256 4351 288 4404 de
297 4351 547 4406 naacantemnenda
559 4349 600 4402 dei
606 4351 746 4404 ecclesiast
753 4351 895 4418 mysteriis:
909 4349 1003 4401 Πολλοὶ
1015 4353 1064 4401 τῶν
1077 4349 1215 4420 μυστηρίων
1229 4349 1293 4412 ἅπαξ

164 4418 347 4488 ταλαμβὰνοιιοι
357 4424 400 4472 τοῦ
410 4417 527 4472 ἐνιαυτοῦ.
540 4416 639 4488 “Erepsi
649 4417 675 4470 δὲ
684 4417 727 4486 aie,
738 4415 810 4470 ἄλλοι
819 4416 846 4470 δὲ
856 4415 981 4479 πολλάκις.
995 4417 1067 4480 Τι’νας
1076 4413 1119 4470 οὗν
1128 4419 1222 4470 τούτων
1232 4418 1292 4470 ina-

131 4438 264 4558 gispeio,
295 4487 358 4549 Τοὺς
379 4487 452 4556 ἅπαξ,
472 4489 487 4552 ἦ
509 4487 565 4548 τοὺς
583 4485 714 4554 πολλάκις,
734 4485 818 4552 isaie
839 4481 961 4556 ὀλιγάκιςς
980 4485 1042 4540 Οὔτε
1063 4487 1119 4548 τοὺς
1140 4485 1216 4556 ἅπαξ,
1237 4486 1293 4540 οὔτε

130 4557 188 4618 τοὺς
201 4552 334 4624 πολλάκις,
351 4555 407 4610 οὔτε
419 4555 475 4616 τοὺς
492 4551 613 4626 ὀλιγάκις,
630 4553 695 4607 ἀλλὰ
711 4554 767 4615 τοὺς
785 4557 846 4624 μετὰ
862 4555 971 4626 καθαροῦ
989 4555 1138 4625 συνειδότος,
1159 4556 1214 4618 τοὺς
1232 4555 1292 4628 μετὰ
