3112 4986
271 277 333 342 230
765 275 930 319 rmnrsrro.

272 429 429 499 succurri?
451 430 484 498 Si
499 433 584 499 onim
597 431 674 500 baec
688 451 747 500 nec
761 433 910 520 prodesse
924 433 1101 500 volentibus
1115 453 1174 500 neo
1189 435 1299 500 obesse
1314 417 1424 500 uolen-

271 536 355 602 tibus
370 537 522 622 incipiant
537 535 640 619 credi,
660 537 829 603 cessabunt
843 540 947 603 omnia
967 537 1018 602 dei
1038 537 1235 603 sacerdotum
1255 537 1376 618 studia,
1395 544 1426 600 et

271 641 417 704 universa
436 641 626 704 monitorum
647 639 836 706 adminicula
856 659 938 706 vanc
958 640 1148 706 videbuntur
1170 661 1239 704 esse
1262 641 1423 724 figmenta:

270 747 363 827 atque
378 743 423 806 ita
436 743 649 827 unusquisque
664 745 729 808 suis
744 745 804 807 erit
818 743 901 808 vitiis
917 749 1102 830 occupatus,
1121 749 1157 807 ut
1172 745 1337 808 criminum
1352 763 1423 808 suo·

270 865 339 912 rum
354 843 593 911 delectationem
608 845 658 912 dei
672 844 988 932 praedestinationem
1003 848 1175 929 existimet,
1196 852 1229 910 et
1248 845 1290 911 ad
1309 845 1424 912 bonum

229 932 235 952 ’
270 971 290 1012 a
302 947 384 1014 malo
399 950 583 1030 transitum,
601 968 660 1014 nec
674 969 730 1034 per
744 948 936 1014 sacerdotem
951 947 1017 1031 dei,
1036 970 1095 1014 nec
1115 971 1170 1034 per
1190 952 1425 1014 conversionem

271 1071 377 1133 suam,
391 1069 450 1116 nec
464 1071 520 1138 per
533 1049 634 1134 legem
648 1050 851 1133 dominicam,
866 1073 899 1116 se
915 1072 1007 1137 posse
1021 1054 1162 1118 invenire
1178 1051 1323 1118 confidat
1345 1049 1424 1117 Sile·

271 1173 348 1235 rem,
362 1153 471 1236 iatam,
485 1159 518 1218 et
532 1174 730 1238 nequaquam
745 1153 817 1220 stilo
832 1161 1032 1240 percurrente
1048 1157 1109 1220 ista
1122 1155 1316 1240 detegerem,
1334 1157 1363 1218 si
1376 1159 1425 1218 to·

270 1259 352 1322 tiens
366 1261 402 1321 ut
415 1260 555 1321 tacerent
569 1257 720 1324 admoniti
734 1255 839 1322 saltim
852 1257 1050 1323 mediocriter
1061 1260 1270 1323 contentionis
1281 1276 1355 1322 suae
1366 1259 1425 1322 im·

270 1365 378 1446 potum
391 1364 629 1444 temperassent,
644 1380 707 1426 non
722 1362 817 1424 etiam
831 1359 979 1425 audacter
993 1359 1051 1425 sub
1065 1361 1232 1444 Augustini
1246 1361 1373 1425 nomine
1387 1358 1425 1424 li·

271 1463 344 1528 bros
359 1461 504 1544 ederent,
525 1467 557 1526 et
571 1465 755 1548 scriptorum
776 1483 902 1528 suorum
921 1463 1031 1528 iaculis
1053 1462 1194 1528 membra
1208 1461 1425 1528 immaculatae

257 1567 380 1630 'matris
401 1569 526 1629 nostrae
549 1563 699 1630 ecclesiae
721 1563 930 1630 vulnerarent.
974 1566 1047 1644 Quis
1073 1565 1155 1630 filius
1180 1571 1313 1630 matram
1338 1585 1426 1630 suam

272 1666 358 1732 caedi
380 1687 443 1732 non
464 1664 587 1732 doleat?
607 1667 676 1751 quis
695 1667 886 1750 genetricem
906 1688 994 1734 suam
1015 1667 1172 1732 vulnerari
1194 1688 1259 1733 non
1279 1665 1426 1754 plangat?

271 1771 322 1836 An
336 1770 508 1836 tacebimus
523 1768 577 1833 illa
591 1767 772 1835 laborante?
795 1769 857 1834 Sed
872 1769 1031 1835 silentium
1051 1777 1191 1836 nostrum
1212 1776 1317 1835 reatus
1333 1769 1425 1836 doce·

270 1874 365 1954 bitur,
380 1878 412 1936 et
425 1872 623 1938 taciturnitas
637 1872 795 1938 videbitur
809 1893 877 1938 esse
894 1893 1074 1940 consensus.
1108 1873 1207 1952 Quam
1222 1875 1307 1938 enim
1322 1879 1356 1938 tu
1371 1894 1426 1960 pa·

272 1976 414 2042 tientiam
428 1974 649 2040 taciturnitatis
664 1981 766 2060 putes,
780 1975 861 2040 hanc
880 1974 958 2040 alius
975 1976 1197 2042 conscientiam
1212 1976 1427 2062 perversitatis

272 2079 443 2158 existimat3
458 2080 640 2162 praesertim
655 2079 682 2142 si
697 2083 729 2141 et
742 2079 809 2164 ipse
825 2084 945 2160 taceas,
966 2083 997 2142 et
1011 2099 1097 2160 eum,
1117 2077 1170 2163 qui
1190 2078 1275 2162 loqui
1293 2077 1427 2144 voluerit

272 2202 327 2268 pro
343 2179 524 2246 defensione
540 2179 650 2244 matris
672 2182 861 2264 communis,
881 2181 1010 2246 forsitan
1029 2179 1119 2246 silere
1140 2180 1328 2266 compellas:
1358 2203 1427 2248 curn

272 2289 394 2370 tempus
408 2282 533 2347 tacendi
547 2290 579 2347 et
592 2288 715 2367 tempus
730 2283 877 2368 loquendi
892 2285 924 2348 iu
939 2283 972 2347 id
992 2283 1145 2368 sapientia
1159 2283 1266 2348 divine
1279 2285 1425 2352 institue-

271 2388 322 2469 rit,
335 2390 372 2451 ut
385 2389 417 2450 et
430 2385 583 2450 modestia
597 2387 631 2449 in
646 2384 784 2468 silentio,
807 2392 839 2449 et
852 2385 930 2451 ratio
946 2388 1075 2450 oscetin
1090 2386 1201 2464 verb03
1217 2407 1257 2450 ne
1272 2385 1357 2452 ultra
1370 2387 1425 2454 ho-

271 2490 401 2555 nestatis
415 2489 583 2553 terminum
601 2487 814 2573 unusquisque
834 2487 972 2572 linguam
990 2488 1041 2553 vol
1061 2494 1217 2574 promeret
1230 2489 1281 2554 vel
1296 2495 1427 2571 teneret,

272 2598 415 2678 essetque
422 2590 593 2677 loquacitas
600 2589 778 2676 importuna
784 2596 838 2655 aut
845 2591 1041 2656 taciturnitas
1050 2591 1426 2674 obstinata,cumutrum-

272 2715 331 2781 qne
345 2696 467 2760 veniret
480 2697 514 2758 in
530 2695 656 2776 vitium,
675 2693 760 2778 loqui
778 2691 858 2758 velle
880 2713 951 2758 cum
969 2713 1032 2760 non
1054 2693 1183 2777 debeas,
1203 2699 1236 2758 et
1252 2693 1336 2759 nolle
1355 2715 1427 2760 cnm

272 2797 397 2864 debeas.
419 2795 508 2862 Istud
521 2799 616 2880 igitur
629 2797 663 2860 in
677 2795 861 2860 alterutrum
875 2797 1049 2861 custodisse
1064 2796 1172 2862 habita
1182 2799 1302 2861 ratione
1312 2797 1426 2883 perdo·

272 2921 343 2984 ceo,
362 2905 556 2965 cumcontra
575 2898 690 2964 librum
709 2901 802 2964 matri
822 2897 971 2964 ecclesiae
987 2899 1167 2964 tendentem
1181 2897 1312 2964 insidias
1328 2899 1427 2966 divini

272 3005 334 3068 oris
348 3023 435 3068 arma
450 3003 596 3088 corripio,
617 3008 649 3066 et
661 3007 697 3066 ut
712 3001 817 3067 Goliae
834 3021 871 3065 ex
887 3021 942 3068 suo
959 3003 1085 3068 sibimet
1099 3001 1201 3086 gladio
1217 3001 1378 3066 conlidens
1394 3004 1427 3066 in

273 3105 397 3172 domino
412 3107 479 3170 eius
495 3108 649 3171 cervicem
669 3104 806 3169 abscido.
843 3104 901 3182 Qui
921 3105 1020 3168 tristis
1040 3105 1148 3186 luerit,
1171 3125 1227 3169 suo
1247 3107 1336 3188 qnasi
1355 3125 1426 3170 mus

271 3207 419 3294 prodetur
433 3207 564 3290 indicio,
580 3227 652 3272 oum
667 3209 716 3271 sui
729 3225 885 3270 murmure
900 3207 1104 3274 Philistaenm
1123 3227 1156 3272 se
1169 3227 1240 3272 esse
1255 3206 1424 3272 detexerit:

271 3325 396 3378 mecum
415 3317 519 3376 autem
539 3309 743 3394 gratulabitur
762 3312 862 3374 omnis
885 3313 938 3393 qui
959 3309 1132 3397 allophylus
1152 3331 1215 3374 non
1235 3316 1292 3374 est
1328 3309 1425 3394 igitur

273 3433 344 3480 cum
359 3412 490 3479 sollicite
506 3412 634 3496 celatur,
650 3419 682 3476 et
696 3411 816 3477 occulte
832 3411 953 3495 legitur,
969 3419 1001 3476 et
1016 3419 1106 3478 caute
1123 3413 1340 3494 conscribitur,
1356 3419 1424 3477 tau·

273 3515 345 3582 dem
359 3515 539 3601 aliquando,
558 3537 621 3581 non
636 3522 702 3582 tam
716 3515 818 3580 editus
833 3535 927 3599 quam
941 3516 1166 3602 deprehensus,
1187 3515 1227 3580 ad
1241 3535 1354 3580 manus
1368 3537 1423 3580 no·

272 3625 352 3686 atras
367 3622 510 3706 pervenit
522 3619 603 3684 libor
618 3621 670 3703 qui
681 3619 889 3701 Augustinum
899 3621 1050 3683 mentitur
1060 3622 1093 3684 in
1105 3617 1205 3700 titulo,
1221 3639 1293 3684 curn
1304 3638 1338 3682 se
1350 3617 1423 3682 bae·

273 3725 405 3788 caticum
420 3721 564 3786 ostendat
577 3724 611 3786 in
625 3727 722 3786 textu.
759 3721 834 3799 Quis
854 3723 938 3786 enim
957 3724 1076 3786 nesciat
1089 3710 1300 3804 Augustinum
1321 3719 1422 3786 ortho-

273 3824 388 3892 doxum
402 3843 524 3910 semper
538 3825 633 3888 fnisse
649 3823 817 3905 doctorem,
832 3829 941 3888 ettam
957 3823 1119 3889 scribendo
1132 3844 1226 3907 quam
1237 3822 1423 3910 disputando

273 3928 417 3995 omnibus
432 3927 596 3992 haereticis
612 3923 772 3992 obviasse?
794 3925 940 3990 Veientes
955 3945 1025 4008 ergo
1040 3927 1202 3991 inimicum
1217 3926 1290 3990 fidei
1301 3933 1423 3992 nostrae

273 4035 354 4098 inter
368 4031 477 4096 iratres
494 4029 605 4113 dogma
619 4030 765 4094 inducere
781 4028 966 4094 catholicum
981 4029 1218 4114 supraliminare
1234 4029 1304 4094 libri
1321 4032 1370 4093 sui
1384 4031 1423 4092 ti·

273 4133 374 4200 tulum
387 4140 567 4220 posuerunt.
605 4133 662 4210 Qui
677 4131 770 4214 liber,
783 4131 871 4196 velut
885 4131 1060 4218 sepulcrum
1075 4133 1212 4214 foetens,
1232 4133 1339 4196 eloris
1354 4131 1422 4216 qui·

274 4237 346 4304 dem
367 4238 532 4320 Augustini
554 4239 678 4302 nomine
705 4235 882 4317 dealbatur,
900 4237 992 4299 'intus
1013 4255 1086 4300 voro
1113 4237 1243 4300 scaturit
1267 4234 1423 4321 vermibus

273 4347 474 4407 mortuorum.
501 4339 591 4405 Hunc
606 4339 720 4408 librum
735 4337 901 4422 aliqnando
917 4337 977 4402 sibi
992 4337 1130 4402 oblatum
1145 4337 1343 4402 beatissimae
1358 4357 1423 4402 me-

273 4443 390 4509 moriae
405 4461 544 4508 summus
558 4443 697 4528 pontifex
712 4441 905 4507 Caelestinus
919 4442 964 4505 ita
974 4441 1163 4506 execrationi
1175 4439 1293 4522 habuit,
1307 4446 1343 4504 ut
1353 4459 1422 4504 eum

163 4556 169 4564 '
276 4551 423 4628 perpetuo
436 4543 558 4608 iuberet
571 4542 709 4608 damnmi
725 4541 857 4608 silentio.
890 4541 934 4608 Eo
947 4543 1046 4626 magis
1060 4542 1285 4609 baereticorum
1299 4545 1421 4608 animus
