3100 4980
448 277 487 320 ou
501 253 932 320 uomjnsmsnrousnooaarraua
1206 277 1268 344 353

94 433 242 516 condita,
257 439 289 498 et
302 453 366 500 non
380 439 429 498 est
442 433 535 517 mela,
549 441 585 500 ut
598 433 708 500 volunt
722 433 908 500 ¹Sethianns
923 439 956 498 et
969 429 1150 518 'ophianus
1165 439 1197 498 et
1207 433 1267 498 Pa·

93 536 273 616 trioianus;
288 557 347 602 neo
361 537 437 602 mali
451 557 556 621 eausa,
570 544 607 602 ut
621 537 727 602 doouit
740 535 911 618 ³l'lorinus,
925 557 984 601 neo
999 557 1038 600 ex
1048 535 1130 600 malo
1142 544 1175 600 et
1186 537 1266 602 bono

95 647 279 724 compacte,
293 646 330 704 ut
342 639 543 706 Manichaeus
558 639 775 726 blasphemet·
787 639 849 704 Sed
865 661 936 706 oum
951 639 994 704 sit
1008 641 1164 704 ereetione
1173 639 1267 721 bona,

95 741 234 806 arbitrio
248 741 391 808 *animas
407 742 542 817 eflicitur
555 743 646 808 nobie
661 743 711 807 vel
727 743 810 808 bona
823 742 874 806 vel
891 743 984 824 mala,
999 763 1061 806 uon
1075 743 1267 806 ⁵mutatione

94 844 316 930 substantiae,
329 845 388 912 sed
408 845 619 912 ⁶exeoutiouis
634 845 787 912 mercede.
824 846 898 930 Ipsa
916 847 1000 910 enim
1015 851 1064 910 est
1078 865 1156 929 quae
1172 845 1268 909 stabit

96 954 179 1011 ante
194 948 332 1012 tribunal
347 947 473 1030 Christi,
493 947 543 1012 ⁷iu
560 969 620 1032 qna
635 950 747 1014 referat
761 950 868 1012 anima
881 951 1006 1034 propria
1025 950 1161 1033 eorporis
1175 953 1268 1033 prout

96 1050 214 1132 gessit,
229 1053 295 1118 siva
311 1050 437 1133 bonum,
451 1053 517 1116 sive
532 1052 660 1116 malum.

168 1153 206 1218 ln
216 1155 442 1220 resurreetione
457 1173 496 1218 ex
509 1155 640 1220 mortuis
655 1175 749 1219 sexus
763 1155 863 1220 forma
874 1173 937 1218 nou
951 1153 1134 1235 mutabitur,
1149 1152 1205 1218 sed
1219 1152 1267 1218 vir
1284 1171 1334 1223 car.
1348 1174 1420 1215 xurv.

97 1263 247 1322 mortuus
261 1263 401 1340 resurget
414 1259 447 1322 iu
462 1257 563 1322 forma
572 1257 642 1339 viri,
658 1263 689 1321 et
700 1256 860 1322 femineis
872 1257 972 1322 iorma
983 1257 1128 1338 feminae,
1144 1255 1266 1320 ¹oarens
1284 1225 1344 1276 ‘⁰⁵¹³'
1357 1226 1469 1276 mm)

98 1380 198 1423 sexus
216 1365 323 1424 temen
342 1359 433 1426 huius
453 1359 535 1424 vitae
550 1365 674 1424 tantum
695 1357 889 1442 conditione,
909 1380 973 1424 nou
993 1347 1098 1444 sp‘eoie
1119 1357 1267 1444 naturali,

98 1483 142 1528 ne
159 1483 223 1528 uon
238 1462 281 1527 sit
293 1482 369 1526 vera
384 1464 581 1550 resurreetio,
597 1463 624 1526 si
638 1455 702 1527 no‘n
717 1461 750 1526 id
765 1469 908 1544 resurget
922 1461 1005 1547 quod
1021 1461 1114 1527 eadit.

167 1565 250 1630 Auta
265 1565 461 1650 ¹passiouem
477 1563 612 1646 domiui,
631 1585 738 1630 omues
758 1567 880 1630 animae
896 1571 1075 1630 sanctorum
1094 1567 1128 1630 in
1142 1564 1265 1630 inlemo
1283 1583 1333 1636 cap.
1346 1584 1409 1626 rav.

99 1667 163 1732 sub
179 1667 285 1732 debito
301 1669 576 1753 praevaricationis
587 1666 675 1732 Adae
690 1667 888 1749 tenebantur,
904 1668 1002 1734 donec
1014 1667 1196 1748 auctoritate
1209 1667 1264 1732 do·
1283 1639 1343 1690 (ω’
1357 1637 1480 1689 mul

98 1769 182 1834 ruini
197 1791 252 1855 per
265 1769 439 1834 indebitam
450 1771 516 1834 eius
527 1776 661 1836 mortem
672 1768 731 1834 lde
744 1770 849 1834 servili
860 1769 1037 1836 conditione
1049 1771 1264 1836 liberarentur.

166 1873 244 1938 Post
257 1875 474 1938 ascensionem
489 1872 607 1938 domini
622 1873 662 1937 ad
678 1873 780 1938 caelos
795 1875 936 1938 omnium
950 1879 1128 1938 sanatorum
1142 1877 1264 1940 animae
1282 1893 1333 1948 cap.
1346 1895 1419 1936 ruvr.

99 1995 176 2040 curn
188 1975 312 2040 Christo
327 1982 411 2058 suut,
426 1981 457 2040 et
469 1983 618 2040 exeuntes
634 1975 672 2040 de
685 1995 810 2061 corpore
823 1975 864 2040 ad
875 1975 1033 2042 Christum
1048 1977 1194 2060 ¹vsdunt.
1209 1997 1264 2042 ex·
1282 1945 1342 1999 (ω’
1355 1945 1459 1998 “ml

99 2083 266 2164 pectentes
286 2080 546 2144 resurrectionem
567 2077 705 2164 eorporis
728 2081 787 2159 sui,
808 2085 843 2142 ut
861 2077 901 2142 ad
921 2078 1075 2162 integram
1089 2085 1122 2144 et
1135 2077 1264 2166 2perpe·

99 2187 190 2246 tuam
205 2180 432 2246 beatitudinem
447 2201 519 2246 oum
533 2183 601 2266 ipso
616 2181 732 2266 pariter
746 2183 965 2258 immutentur;
981 2183 1062 2246 siout
1076 2188 1108 2246 et
1118 2189 1263 2267 peceato·

98 2303 173 2348 rum
195 2285 318 2348 animae
336 2285 370 2348 iu
387 2283 508 2348 insarno
529 2283 587 2348 sub
609 2285 718 2348 timore
738 2285 858 2368 positae
878 2289 1046 2368 expectent
1063 2288 1263 2350 resurreetio-

98 2405 175 2452 uem
192 2387 240 2450 sui
255 2385 405 2472 eorporis,
420 2391 454 2450 ut
469 2406 539 2450 oum
554 2384 641 2470 ³ipso
656 2385 696 2450 ad
711 2405 843 2471 poenam
858 2385 1081 2450 *detrudantur
1094 2394 1263 2454 aeternam.

164 2489 363 2554 Paenitentia
377 2487 494 2554 aboleri
512 2495 640 2573 peecata
654 2488 869 2554 indubitanter
884 2487 1050 2570 oredimus,
1072 2491 1167 2554 etiam
1181 2493 1209 2554 si
1231 2493 1264 2555 in
1281 2511 1332 2561 cap.
1345 2511 1430 2552 xevn.

97 2591 213 2658 ultimo
228 2593 310 2656 vitae
325 2591 438 2676 spiritu
453 2589 662 2656 admissorum
677 2593 846 2676 paeniteat,
860 2597 892 2654 et
905 2590 1031 2676 publica
1041 2590 1263 2658 lamentatione
1281 2563 1341 2615 (ω’
1354 2563 1446 2612 “¹¹⁴

97 2700 232 2780 peooata
251 2693 437 2779 prodantur;
462 2695 535 2777 quia
561 2696 755 2778 propositum
781 2693 864 2775 ¹dei,
892 2713 952 2776 quo
979 2693 1117 2758 decrevit
1142 2695 1263 2760 salvare

99 2796 186 2880 qnod
200 2797 352 2881 perierat,
375 2799 438 2860 stat
456 2795 633 2862 immobile:
654 2802 686 2860 et
699 2795 769 2860 ideo
785 2797 858 2879 quia
872 2794 1017 2860 voluutas
1031 2797 1099 2861 eius
1114 2817 1178 2863 uon
1192 2818 1262 2864 mu-

98 2905 196 2982 tatur,
211 2899 277 2963 sive
293 2897 510 2964 emendatione
525 2901 618 2980 vitae,
638 2899 665 2962 si
679 2903 802 2983 tempus
818 2897 1010 2980 oouoeditur,
1030 2900 1095 2962 sive
1110 2893 1264 2986 lsupplio'i

99 3002 309 3083 confessione,
327 3004 356 3066 ei
371 3003 518 3066 continuo
532 3003 599 3066 vita
613 2999 785 3083 exceditur,
806 3003 901 3066 venia
917 3007 1116 3086 peccatorum
1130 3002 1264 3068 fideliter

99 3115 319 3189 praesumatur
333 3104 372 3168 ab
388 3103 457 3185 illo,
478 3106 606 3188 quinon
620 3103 689 3168 vult
701 3110 835 3170 mortem
848 3106 1034 3190 peooatoris,
1056 3104 1112 3170 sed
1132 3112 1167 3170 ut
1188 3127 1262 3172 oon·

99 3212 273 3270 vestatura
291 3205 465 3292 perditione
480 3205 685 3290 paenitendo,
700 3213 732 3271 et
752 3205 890 3272 salvatus
904 3209 1103 3272 miseraIIoue
1125 3206 1264 3274 ³domini

99 3311 195 3374 vivat.
232 3308 267 3373 Si
282 3311 352 3394 quis
367 3307 458 3372 aliter
472 3307 510 3373 ds
525 3309 698 3374 iustissima
713 3308 765 3374 dei
778 3311 894 3394 pIetato
910 3311 1017 3392 sentit.
1031 3331 1097 3375 nou
1111 3309 1261 3382 Christia-

98 3433 161 3476 nus
176 3411 232 3476 sed
246 3410 438 3477 Novatiauus
453 3418 511 3476 est.

163 3515 307 3580 Iuturnas
322 3515 444 3580 animae
460 3515 663 3598 cogitationes
678 3512 837 3580 diabolum
851 3533 914 3580 non
928 3513 1034 3582 videre
1050 3517 1261 3601 tertiemus,
1279 3533 1448 3641 filebi&

169 3647 231 3718 (lap.
243 3647 335 3702 XLlll.
347 3677 380 3688 -
400 3649 422 3702 l.
433 3647 598 3702 Timotheani
609 3655 635 3702 st
645 3647 772 3702 Prisciani
784 3651 839 3702 eod.
853 3647 965 3704 Floreat.
1012 3649 1036 3702 2.
1053 3649 1126 3703 MSS.
1179 3649 1261 3706 idula-

98 3733 149 3772 nus
168 3715 320 3786 (Benedicti
370 3716 535 3772 taem&
560 3719 598 3770 At
613 3720 677 3772 editi
690 3717 827 3771 Florianus
840 3716 960 3788 (Bened)
975 3717 1112 3771 Florianus
1129 3719 1164 3772 ta
1181 3719 1261 3772 etEt·

97 3786 179 3847 mend.
195 3804 287 3854 quoque
304 3787 388 3838 editio.
439 3785 464 3838 4.
481 3786 563 3840 animi
580 3789 634 3839 aod.
652 3785 766 3840 Floreat.
824 3785 849 3840 5.
869 3787 1050 3840 immutatione
1068 3789 1126 3840 edit.
1144 3787 1259 3841 Elmeud.

99 3855 124 3908 6.
137 3855 244 3924 Aliquot
254 3853 327 3908 MSS.
339 3854 508 3908 excusatione
520 3855 676 3910 commercii.
703 3855 815 3916 Quidam
826 3855 994 3908 exseeutioue
1006 3855 1160 3908 eommereii.
1173 3853 1261 3926 (Bau.)

98 3923 164 3976 'tin
193 3939 229 3976 ua
271 3919 551 3978 montemontano.
755 3992 761 4004 1
871 3992 877 4004 .
987 3991 1013 4004 ..

168 3990 1262 4140 0:¹3:..l-:lutttlettttleeleemnilttttltet

100 4127 214 4180 armat.
265 4127 615 4184 translatumesse.

169 4195 231 4266 Gap.
242 4195 333 4252 XLVI.
346 4227 379 4238 -
399 4197 422 4250 l.
438 4199 525 4266 Asper
537 4197 592 4253 MS.
611 4197 723 4251 Floreat.
734 4195 841 4261 vadunt,
856 4197 924 4250 sieut
935 4195 1061 4267 seriptum
1071 4202 1120 4263 est,
1131 4196 1262 4252 Iustorum

98 4266 203 4318 autmae
218 4265 246 4318 iu
261 4281 341 4318 mauu
357 4265 399 4318 dei
414 4271 483 4318 sunt.
523 4264 641 4320 Elmanlu.
702 4265 725 4318 2.
745 4265 856 4326 Quidum
872 4264 1105 4335 difflperieotam.
1139 4265 1261 4336 (Βοιαὶ.)

98 4333 123 4386 3.
135 4335 194 4404 ipso
205 4332 309 4388 diabolo
325 4336 408 4388 edidit
422 4333 459 4386 El
530 4373 537 4388 .
555 4353 586 4388 ae
596 4337 652 4388 eod.
666 4333 779 4388 Floreat.
829 4334 855 4386 4.
872 4339 1055 4388 consuluntur
1065 4333 1138 4388 MSS.
1151 4335 1261 4390 Benedi-

99 4407 225 4454 canoram
236 4411 261 4452 st
272 4404 327 4456 cod.
340 4401 453 4458 Floreat.
1258 4412 1265 4432 ‘

168 4468 231 4540 (lup.
241 4469 345 4526 XLVII.
356 4501 391 4512 —
415 4471 436 4523 l.
452 4469 515 4526 Luc.
528 4470 603 4536 XIX,
615 4471 639 4524 7.
691 4469 716 4526 2.
736 4471 842 4540 Aliquot
851 4469 924 4523 aar.
937 4470 1261 4528 Beatissimorum.

100 4538 214 4594 Floreat.
226 4539 331 4610 publiea
342 4539 514 4595 confessione.
566 4539 590 4596 3.
603 4537 696 4612 Euseb.
709 4539 785 4606 XIX,
796 4539 838 4596 23.
850 4539 977 4606 mul,
992 4540 1030 4594 ll.

1027 4627 1059 4680 le
