3112 4986
506 271 547 312 DE
560 271 737 314 mutiunt
749 270 841 312 LIBER.
1191 269 1253 336 207

79 428 147 492 eius
165 429 264 492 cuine
279 427 358 492 deus
373 433 423 492 est
437 447 507 494 esse
521 433 661 494 naturae.
689 427 824 494 Proinde
840 425 994 492 mundum
1008 443 1028 490 e
1041 429 1154 488 natura
1167 423 1254 504 boni,

79 528 137 594 boo
147 536 206 594 est
215 551 236 594 a
246 535 359 596 natura
370 530 421 594 dei
432 531 551 596 lactum
563 531 751 596 confitentur
763 529 900 614 quidem,
914 527 971 592 sed
983 526 1022 592 de
1034 527 1254 592 commixtione

79 632 156 696 boni
174 639 214 696 et
228 633 317 716 mali,
340 653 419 716 quae
439 633 524 698 facta
544 640 593 698 est
614 634 738 717 quando
758 633 842 698 inter
862 653 895 698 se
915 637 1047 714 utraque
1068 634 1181 692 natura
1195 648 1253 712 pu·

79 737 206 817 gnavit.
242 735 349 820 Ipsam
362 756 436 800 vero
452 737 527 800 boni
542 736 656 800 amalo
672 737 887 820 purgationem
902 755 938 800 ac
959 733 1176 798 liberationem
1190 749 1254 794 non

80 837 190 902 solum
207 859 266 922 per
279 845 380 902 totum
394 838 548 904 mundum
569 845 600 902 et
621 839 659 903 de
682 837 827 902 omnibus
842 840 909 902 eius
924 835 1089 902 elementis
1105 833 1254 898 ²virtutes

81 937 133 1004 dei
147 941 263 1004 iacere
279 941 404 1021 dicunt,
420 961 529 1004 verum
544 943 639 1006 etiarn
655 940 769 1006 electos
786 961 858 1006 suos
872 960 928 1024 per
942 939 1092 1004 alimenta
1106 956 1185 1020 quae
1200 956 1253 1002 au·

81 1049 187 1107 munt.
213 1043 254 1107 Et
269 1046 315 1107 eis
331 1045 445 1128 quippe
461 1043 630 1124 alimentis,
645 1045 727 1108 sicut
740 1045 886 1108 universo
901 1041 1029 1123 mundo,
1044 1041 1096 1106 dei
1107 1039 1253 1106 substan·

81 1147 162 1212 tiam
178 1145 353 1230 perhibent
367 1166 436 1209 esse
459 1147 676 1227 commixtam,
699 1166 792 1229 quarn
811 1145 936 1229 purgari
957 1149 1071 1230 putant
1089 1144 1124 1208 in
1145 1141 1254 1208 clectis

84 1251 149 1312 suis
171 1270 213 1314 eo
234 1269 349 1332 genere
371 1251 455 1312 vitae
477 1267 536 1332 quo
557 1251 668 1314 urunt
687 1247 779 1312 electi
799 1247 1055 1312 Manichaeorum
1075 1244 1163 1311 velut
1180 1263 1254 1310 ean·

85 1353 168 1416 etius
187 1357 222 1416 et
237 1351 443 1416 excellentius
459 1351 653 1416 auditoribus
668 1353 742 1414 ouis.
765 1349 846 1414 Nam
857 1349 907 1416 his
919 1350 1040 1416 duabus
1051 1348 1255 1437 professioni·-

86 1453 157 1536 bus,
172 1454 237 1519 hoc
253 1461 302 1520 est
316 1454 488 1520 electorum
503 1460 535 1516 et
549 1454 742 1534 auditorum,
757 1443 923 1518 ecclesiam
938 1473 1028 1519 suam
1042 1457 1184 1517 constare
1197 1470 1254 1516 vo·

87 1555 228 1622 luerunt.
264 1557 303 1622 In
323 1559 437 1622 ceteris
456 1562 561 1620 autem
580 1555 776 1637 homiuibus,
797 1557 893 1620 etiam
912 1557 945 1618 in
963 1557 1041 1640 ipsis
1062 1553 1255 1618 auditoribus

87 1662 170 1741 suis,
193 1661 277 1724 hanc
299 1665 422 1744 partem
444 1659 544 1723 bonae
568 1657 754 1744 divinaeque
776 1659 989 1739 substantiae,
1008 1677 1088 1741 quac
1110 1659 1209 1722 mixta
1224 1659 1278 1730 et,

90 1761 239 1844 colligata
252 1764 287 1826 in
302 1763 383 1826 escis
400 1767 432 1826 et
444 1763 571 1846 potibus
587 1760 755 1843 detinetur,
769 1763 967 1844 maximeque
982 1762 1015 1824 in
1031 1762 1076 1824 eis
1092 1759 1145 1842 qui
1158 1778 1254 1842 gene·

90 1871 162 1927 rant
182 1865 281 1945 filios,
305 1867 403 1930 artius
425 1871 456 1928 et
473 1864 666 1948 inquinatius
688 1863 827 1946 colligari
846 1867 968 1948 putant.
1006 1861 1163 1945 Quidquid
1183 1881 1254 1928 vero

91 1967 231 2051 undique
247 1973 397 2052 purgatur
411 1966 549 2046 lumime,
564 1988 620 2051 per
635 1966 787 2050 quasdam
802 1987 909 2046 naves,
925 1985 1002 2049 quas
1018 1985 1088 2030 esse
1102 1963 1210 2028 lunam
1225 1971 1257 2028 et

91 2068 192 2136 solem
206 2068 327 2149 volunt,
342 2087 436 2150 regno
453 2067 504 2132 dei
519 2074 668 2151 tanquam
683 2068 818 2155 propriis
834 2067 960 2132 sedibus
976 2067 1076 2132 reddi.
1106 2068 1188 2144 Quas
1203 2066 1255 2132 iti·

93 2170 164 2238 dem
180 2193 279 2236 naves
295 2171 333 2236 dc
349 2171 526 2235 substantia
541 2170 592 2234 dci
606 2191 685 2255 pura
699 2170 866 2255 perhibent
876 2171 1055 2236 fabricatas.
1078 2169 1255 2254 Laremque

93 2272 187 2340 istam
208 2295 389 2360 corpoream
409 2273 616 2338 animantium
634 2273 815 2338 mortalium
835 2273 933 2338 oculis
954 2272 1168 2356 adiacentem,
1192 2294 1256 2338 non

94 2375 196 2442 solum
209 2380 245 2442 in
260 2377 309 2440 his
324 2376 474 2456 navibus,
495 2377 549 2442 ubi
569 2397 639 2443 cam
658 2375 858 2464 purissimam
871 2375 1019 2456 credunt,
1038 2397 1146 2440 verum
1162 2375 1256 2440 etiam

94 2479 126 2540 in
140 2480 212 2544 aliis
227 2480 404 2564 quibusque
420 2478 532 2544 lucidis
548 2479 658 2559 rebus,
679 2480 733 2544 ubi
755 2478 929 2544 secundum
948 2479 1033 2563 ipsos
1053 2484 1178 2542 tenetur
1199 2478 1255 2547 ad·

96 2585 193 2648 mixta
215 2582 416 2666 crediturque
438 2581 615 2666 purganda,
637 2581 688 2646 dei
711 2581 820 2646 dicunt
836 2602 904 2648 esse
920 2586 1075 2646 naturam.
1113 2582 1255 2666 Quinque

97 2685 179 2752 enim
195 2685 367 2766 elementa,
383 2705 462 2768 quae
477 2690 653 2766 genuerunt
668 2685 828 2769 principes
843 2685 1001 2768 proprios,
1015 2685 1101 2767 genti
1115 2684 1256 2757 tribuunt

98 2789 306 2868 tenebrarum,
322 2808 419 2870 eaque
436 2786 591 2860 elementa
601 2787 651 2850 bis
662 2787 841 2852 nominibus
853 2793 1047 2872 nuncupant,
1061 2787 1192 2869 fumum,
1206 2793 1254 2852 te-

99 2892 224 2972 nebras,
244 2893 365 2972 ignem,
386 2910 514 2972 aquam,
533 2894 677 2971 ventnm;
700 2891 734 2954 in
752 2890 836 2954 fumo
858 2894 932 2954 nata
951 2889 1101 2954 animalia
1120 2890 1256 2974 bipedia,

99 2993 178 3060 unda
192 2993 338 3059 homines
354 2991 467 3058 ducere
483 2992 636 3074 originem
655 2998 801 3070 censent3
824 2993 858 3056 in
878 2992 1018 3058 tenebris
1034 2993 1208 3078 serpentia,
1222 2996 1256 3061 in

99 3094 167 3177 igne
182 3094 409 3181 quadrupedia,
424 3095 458 3158 in
474 3097 562 3178 aquis
578 3093 732 3176 natatilia,
746 3097 781 3158 in
795 3100 888 3160 vento
903 3093 1051 3161 volatilia.
1089 3096 1147 3162 His
1163 3098 1254 3180 quin·

101 3217 157 3280 qne
171 3199 337 3264 clementie
353 3197 444 3262 malis
466 3197 662 3262 debellandis
684 3197 746 3262 alia
766 3199 903 3281 quinque
925 3197 1082 3262 elementa
1101 3199 1140 3264 de
1160 3219 1255 3282 regno

102 3307 130 3363 et
143 3303 321 3368 substantia
336 3300 388 3364 dei
402 3302 499 3366 missa
513 3321 593 3382 esse,
610 3307 643 3364 et
657 3303 690 3366 in
702 3299 757 3364 illa
767 3320 872 3384 pugna
887 3301 984 3366 luisse
1000 3301 1156 3386 permuta
1170 3303 1255 3366 inmo

101 3406 179 3487 adra,
192 3396 462 3484 tenebris'luccm,
476 3403 542 3485 igni
557 3402 638 3468 malo
654 3403 760 3485 ignem
774 3403 902 3483 bonum,
916 3423 1015 3486 aquae
1030 3403 1131 3470 malae
1143 3425 1257 3488 aquam

100 3503 222 3588 bonam,
238 3512 332 3570 vento
347 3503 430 3570 malo
445 3513 575 3570 ventum
589 3507 716 3572 bonum.
739 3505 842 3572 Nares
858 3510 963 3570 autem
978 3505 1063 3586 illas,
1083 3506 1117 3572 id
1132 3513 1181 3572 est
1195 3506 1255 3572 duo
1351 3490 1354 3502 λ

103 3610 176 3676 caeli
190 3609 358 3674 luminaria
376 3611 421 3674 ita
441 3608 652 3692 distinguunt,
673 3620 709 3672 nt
727 3607 834 3674 lunam
855 3606 962 3692 dicant
981 3607 1097 3672 factam
1116 3630 1154 3673 cx
1174 3610 1257 3674 bona

102 3731 188 3796 aqna,
203 3711 301 3776 solem
314 3733 388 3776 vero
405 3732 443 3777 ex
456 3713 528 3793 igne
544 3711 634 3776 bono.
663 3710 740 3775 llssc
756 3697 860 3774 autem
875 3712 908 3774 in
924 3711 969 3773 eis
984 3711 1116 3776 navibus
1131 3718 1256 3776 sanctas

101 3817 245 3894 uirtutes,
268 3835 346 3898 qnae
369 3835 403 3877 se
426 3816 458 3878 in
477 3819 633 3878 masculos
652 3815 892 3896 transfigurant,
913 3817 948 3876 ut
968 3811 1103 3878 illiciant
1122 3813 1256 3880 feminas

102 3921 200 3997 gentis
214 3916 382 3997 adversae,
401 3914 452 3979 ³et
470 3935 577 3980 rursus
592 3915 625 3982 in
640 3916 791 3998 feminas,
805 3923 842 3980 ut
854 3915 987 3981 illiciant
1000 3915 1157 3982 mutulos
1173 3919 1255 3982 cius·

136 4127 138 4132 ¹
164 4137 190 4191 2.
203 4137 278 4189 Editr'
287 4137 408 4190 uirtutem
420 4135 469 4192 dei.
498 4135 590 4190 Melius
604 4135 678 4188 MSS.
696 4135 803 4188 virtutes
816 4135 869 4198 dei;
886 4139 1076 4204 qacsaiminrm
1088 4141 1159 4206 infra
1171 4137 1256 4192 Marri·

102 4205 173 4260 eloai
189 4209 277 4258 dio-cat
293 4225 345 4260 esse
366 4209 394 4257 r'n
409 4208 460 4258 sole
477 4215 501 4258 et
522 4207 582 4258 tuac
599 4214 718 4274 tanquam
739 4209 766 4256 ia
788 4206 886 4256 daubus
902 4205 1007 4256 accidua
1023 4214 1128 4258 auectas
1144 4211 1256 4260 virtuter.

102 4273 246 4328 concordat
261 4277 287 4324 ia
304 4275 429 4342 Arcqr'ousi
444 4277 665 4344 exauctorisatos
680 4275 723 4326 ille
741 4275 771 4326 dc
787 4273 933 4326 haeresibus
945 4273 1015 4335 liber,
1033 4293 1102 4342 qoem
1117 4277 1197 4328 indito
1215 4295 1256 4329 ao·

101 4349 162 4396 nine
174 4343 367 4394 Praedestiacti
373 4345 518 4412 publicarit
529 4343 638 4394 Iacobus
649 4339 803 4405 Sirmoadua,
814 4345 857 4410 qui
866 4349 949 4394 ramea
963 4341 1009 4393 dcc
1024 4343 1077 4395 loco
1086 4345 1201 4396 virtutem
1216 4347 1258 4398 dci

101 4415 185 4464 edidit.
215 4409 333 4478 (Benedi
382 4411 406 4466 3.
425 4409 709 4465 etrursusiuieminas
722 4439 754 4447 -—
766 4410 897 4478 -gentis
914 4409 1037 4464 adversae
1054 4413 1214 4466 desideretur
1229 4417 1257 4465 ia

101 4485 174 4534 editas
184 4489 245 4531 arara
263 4477 449 4542 Benedictinos,
461 4483 504 4546 qai
514 4499 545 4534 ec
556 4479 635 4532 cerda
647 4495 678 4532 ea
688 4477 761 4531 MSS.
774 4480 930 4544 adiecerant,
946 4487 972 4534 et
988 4484 1103 4551 conferre
1119 4501 1163 4536 cor
1174 4483 1259 4536 iubent

101 4549 138 4602 lib.
153 4549 185 4601 da
197 4547 262 4601 Nar.
276 4546 344 4600 Boni
356 4565 414 4616 cap.
426 4545 467 4600 44.
