3100 4980
372 313 374 317 ¹
461 317 735 362 exacuminatus
748 315 940 359 nocuimus.
1215 315 1277 382 345

114 483 152 539 et,
167 474 282 528 Nescitis
292 479 409 544 quontmrr
422 475 482 526 leue·
492 473 612 528 exhibetis
624 492 665 528 voe
676 491 761 527 emor
773 475 810 526 cd
820 475 994 536 obediendum,
1011 475 1081 525 emet
1096 475 1156 524 erue
1172 475 1225 525 eiua
1236 475 1279 526 eui

113 562 234 622 obeditis,
247 569 280 625 et,
293 563 316 611 Α
331 581 376 630 quo
388 567 443 629 quis
453 571 596 630 superatur,
609 565 661 612 er'ue
672 560 715 613 ³et
724 577 811 613 moue
822 559 980 613 ‘addicitun

189 645 219 698 Si
231 647 288 716 quis
300 647 349 700 soli
360 647 430 699 Adae
443 647 686 716 praevaricationem
698 661 786 710 suam,
802 663 856 698 non
872 645 952 698 etiem
969 645 1024 698 eius
1035 645 1175 716 propagini
1186 645 1280 698 asserit
1297 662 1357 715 (erp.
1371 659 1475 710 xxm.)

114 732 250 795 nocuisse,
263 739 309 784 aut
321 739 388 785 certe
400 738 510 786 mortem
522 737 623 786 tantum
634 733 761 802 corporis,
775 747 843 804 quae
855 731 1050 802 poenapeccati
1062 736 1114 794 est,
1127 747 1180 783 non
1191 737 1279 784 autem

115 824 145 868 et
158 823 306 886 peccatum,
323 819 391 888 quod
403 835 474 872 mors
486 825 526 872 eet
537 819 650 882 animae,
666 835 712 888 per
727 835 810 871 uuum
820 816 952 870 homiuem
963 817 991 869 in
1003 831 1081 869 omne
1093 831 1177 886 genus
1188 816 1279 869 huma·

115 914 185 955 num
197 904 321 956 transisse
334 909 450 969 testatur,
462 905 613 958 iniustitiam
625 904 672 957 deo
685 904 762 969 dabit,
774 902 953 956 contradicens
962 902 1081 972 apostolo
1090 901 1197 955 dicenti:
1212 901 1280 954 ¹Per

115 1007 196 1040 uuum
208 989 327 1042 homiuem
338 1000 470 1060 peccatum
483 993 623 1042 iutrore'te'u
633 993 754 1052 muudum,
767 999 845 1060 etper
853 999 987 1058 peecatum
996 1005 1072 1054 more,
1085 997 1109 1040 et
1117 992 1189 1040 itue‘u
1197 1005 1280 1040 omues

115 1073 232 1126 homiues
244 1075 328 1128 'ruore
335 1080 496 1148 pertransiit,
508 1079 535 1126 e'u
547 1094 593 1146 quo
604 1075 702 1128 'omnes
709 1084 888 1145 peccarenmt.

190 1159 219 1213 Si
236 1161 294 1230 quis
312 1162 475 1215 invocatione
492 1161 605 1214 humana
622 1163 732 1232 gretiam
750 1161 791 1214 dei
808 1161 870 1213 dicit
886 1176 963 1230 posse
980 1160 1104 1224 conferri,
1120 1175 1173 1212 non
1191 1163 1279 1214 autem
1297 1176 1358 1228 (erp.
1371 1176 1425 1227 rr.)

116 1246 206 1315 ipsam
218 1247 327 1316 gratim
339 1247 425 1300 iacere
436 1253 465 1300 nt
477 1248 609 1301 invocetur
621 1249 727 1312 anobis,
740 1247 892 1300 contradicit
903 1247 996 1300 Esaiae
1007 1245 1155 1316 prophetae,
1166 1247 1208 1298 rel
1217 1261 1279 1316 apo·

116 1333 189 1384 stolo
201 1332 268 1386 idem
283 1333 401 1386 ¹dicenti:
417 1335 535 1386 ducenties
545 1353 597 1385 ruer
610 1353 626 1385 a
639 1353 686 1386 nou
698 1333 872 1403 maerentibus
884 1351 934 1396 me,
942 1334 1035 1402 putam
1047 1335 1161 1401 apparui
1172 1331 1224 1395 lre'e,
1237 1335 1281 1402 qui

116 1420 429 1487 menoniuterroycduut.
897 1414 899 1422 ’

172 1503 202 1556 Si
213 1504 271 1573 quis
282 1509 312 1556 ut
323 1521 339 1556 a
349 1511 456 1576 peceato
468 1521 609 1576 purgemur
625 1507 784 1560 voluntatem
800 1509 915 1558 nostram
931 1505 1008 1557 deum
1025 1508 1162 1573 expectare
1174 1509 1279 1556 conten·
1297 1519 1357 1572 (cap,
1371 1517 1435 1570 att)

117 1589 167 1653 dit,
179 1606 232 1642 non
244 1595 331 1644 autern
343 1598 371 1643 ut
383 1592 462 1644 etiam
473 1593 579 1662 purgari
590 1593 706 1656 uelinms,
719 1608 764 1661 per
776 1592 859 1644 sancti
870 1591 976 1660 spiritus
985 1589 1142 1642 infusionem
1154 1593 1179 1640 et
1191 1605 1280 1660 opera·

118 1676 220 1728 tionem
232 1676 259 1727 in
271 1676 346 1729 uobis
358 1676 414 1728 fieri
427 1677 574 1742 confitetur,
591 1678 688 1730 resistit
699 1678 749 1747 ipsi
760 1677 861 1748 spiritui
874 1681 977 1740 sancto,
990 1691 1035 1745 per
1047 1675 1214 1728 Salomonem
1228 1675 1279 1727 ¹di·

118 1761 202 1812 renti:
215 1761 396 1831 Praeparetur
408 1765 523 1815 voluutas
535 1783 552 1815 u
565 1765 674 1825 domiuo,
688 1769 714 1815 et
725 1763 843 1833 apostolo
855 1763 993 1814 salubriter
1005 1759 1192 1831 ’praedicauliz
1213 1761 1281 1812 Deus

119 1850 214 1914 estqui
225 1855 348 1916 operatur
359 1851 386 1898 e'u
397 1849 466 1900 cobis
479 1858 503 1899 et
514 1851 575 1901 celle
587 1859 611 1900 et
618 1851 741 1918 perficere
748 1868 800 1918 pro
811 1849 877 1900 douc
889 1849 1024 1900 uoluntate.

190 1929 219 1984 Si
231 1933 288 2002 quis
299 1934 366 1986 sicut
378 1939 556 2003 augmentum,
569 1935 605 1986 ite
617 1935 694 1987 etiam
706 1935 808 1987 initium
819 1933 888 1997 fidei,
901 1935 1039 2003 ipsumque
1051 1931 1210 1985 credulitatis
1218 1930 1279 1984 affe·
1297 1945 1358 1998 (oep.
1373 1945 1447 1996 aun.)

118 2024 205 2081 ctum,
223 2035 274 2087 quo
287 2019 313 2071 in
326 2033 385 2072 eum
398 2019 526 2074 credimus
539 2021 584 2090 qui
601 2019 723 2072 iustificat
741 2021 863 2091 impium,
882 2025 908 2072 et
923 2021 955 2072 ad
971 2019 1195 2090 regenerationem
1212 2017 1280 2070 sacri

117 2103 285 2172 baptismatis
299 2107 471 2174 pervenimus,
484 2123 535 2160 non
549 2108 610 2176 ¹per
621 2107 720 2176 gratim
731 2105 837 2170 donum,
849 2105 875 2158 id
887 2112 928 2159 est
938 2122 984 2175 per
995 2105 1193 2175 inspirationem
1205 2103 1279 2174 epiri-

117 2195 164 2240 tue
176 2191 259 2242 sancti
270 2191 443 2260 corrigentem
454 2193 614 2246 uoluntatem
626 2199 740 2246 nostram
752 2193 785 2244 ab
797 2191 948 2244 infidelitate
960 2191 992 2244 ad
1005 2191 1090 2256 fidem,
1103 2190 1137 2242 ab
1148 2190 1281 2260 impietate

116 2274 153 2326 ad
166 2275 304 2344 pietatem,
321 2277 366 2328 sed
383 2278 535 2330 naturaliter
547 2279 623 2331 nobis
635 2279 719 2330 inesse
731 2278 804 2341 dicit,
822 2278 970 2348 apostolicis
983 2277 1150 2346 dogmatibus
1162 2277 1280 2330 adversa·

117 2361 175 2413 rius
188 2361 352 2430 approbatur,
366 2363 460 2416 'beato
471 2362 551 2416 Paulo
564 2363 677 2428 dicente,
691 2365 841 2432 t'onfidr'mue
853 2366 912 2431 quia
925 2368 968 2430 qui
980 2367 1063 2431 coepit
1073 2367 1100 2413 e'u
1111 2363 1181 2414 vobis
1192 2363 1279 2414 boreum

116 2463 183 2515 opus
190 2449 309 2515 perficiet
318 2465 393 2518 usque
405 2451 431 2500 a'u
444 2451 508 2501 diem
519 2449 630 2500 'deretur'
641 2452 720 2501 uestri
732 2449 830 2500 Otrteu'
842 2449 912 2500 Iesus
925 2453 951 2501 et
961 2448 1037 2512 hlud,
1058 2447 1133 2500 Votis
1144 2449 1230 2499 datum
1244 2457 1281 2500 ert

113 2551 169 2601 pro
182 2531 294 2595 Chrr'eto,
310 2551 357 2584 uon
369 2535 459 2596 solum,
477 2543 505 2586 ut
519 2539 546 2586 la
558 2553 610 2587 eum
624 2537 749 2597 credulis,
767 2535 917 2586 *sedetiam
928 2535 1227 2602 utpror'ttoputr'orur'ru',
1246 2539 1280 2596 et,

117 2617 238 2670 ⁵Grutr'u
250 2621 397 2687 solerisuotr'
407 2627 466 2672 estis
474 2639 523 2690 per
528 2623 606 2690 fidem
613 2660 620 2684 ‚
637 2629 662 2672 et
671 2621 718 2672 troc
731 2637 778 2672 rrou
790 2639 820 2672 eu
832 2621 913 2683 echis,
926 2622 969 2671 dei
980 2623 1044 2670 euim
1056 2619 1144 2672 donum
1157 2628 1200 2672 eet.
1230 2618 1280 2681 Qni

118 2703 287 2768 emnildam,
297 2707 385 2774 quain
394 2706 470 2759 deum
480 2707 616 2770 credimus,
626 2706 778 2758 dicantesse
787 2707 938 2770 naturalem,
949 2687 1039 2758 omues
1049 2721 1092 2757 eos
1104 2705 1148 2773 qui
1157 2704 1190 2756 ab
1200 2705 1280 2758 eecle-

118 2791 163 2842 sia
174 2788 269 2843 Christi
280 2791 358 2844 alieni
370 2799 438 2854 sunt,
451 2791 641 2862 quodammodo
653 2791 743 2845 fideles
755 2806 812 2844 esse
824 2791 958 2844 definiunt.

190 2875 219 2926 Si
232 2877 289 2945 quis
301 2878 356 2930 sine
369 2879 454 2946 gratia
465 2877 506 2930 dei
518 2878 693 2941 credentibus,
708 2877 868 2942 volentibus,
887 2876 1104 2940 desiderantibus,
1117 2875 1279 2941 conantibus,
1298 2889 1358 2941 (cup.
1372 2887 1458 2940 xuni.)

120 2964 127 2996 ¹
138 2961 330 3027 laborantibus,
343 2964 525 3033 vigilantibus,
543 2963 717 3026 studentibus,
730 2963 888 3032 petentibus,
902 2962 1096 3033 quaerentibus,
1108 2963 1280 3032 pulsantibus,

117 3047 198 3100 nobis
211 3047 412 3101 misericordiam
430 3049 492 3102 dicit
509 3049 619 3102 conferri
636 3049 771 3113 divinitus,
787 3065 840 3102 non
858 3055 945 3102 autem
957 3054 986 3101 ut
998 3048 1144 3112 credemus,
1162 3047 1280 3113 velimus,

119 3133 165 3185 eei
176 3131 239 3186 baec
252 3135 339 3186 omnia
357 3136 424 3187 siout
441 3140 540 3205 oportet
556 3151 634 3204 agere
650 3135 794 3199 valeamus,
811 3151 856 3205 per
873 3135 1030 3188 infusionem
1046 3140 1072 3187 et
1084 3135 1280 3204 inspirationem

118 3220 206 3272 sancti
218 3219 323 3288 spiritus
339 3221 366 3273 in
384 3221 460 3273 nohis
477 3221 534 3273 fieri
550 3220 698 3284 confitetur,
715 3225 740 3273 et
751 3227 797 3273 aut
808 3219 948 3274 humilitati
959 3226 1005 3273 aut
1016 3219 1178 3274 obedientiae
1189 3219 1280 3272 hume·

118 3321 172 3358 nae
184 3305 319 3374 subiungit
331 3307 431 3375 gratiae
444 3306 608 3370 adiutorium,
619 3321 668 3360 nec
680 3313 710 3359 ut
720 3307 867 3360 obedientes
880 3313 907 3359 et
917 3306 1027 3360 humiles
1040 3306 1122 3359 simus
1130 3305 1212 3375 ipsius
1221 3321 1280 3376 gre·

117 3391 173 3442 tiae
185 3389 283 3444 donum
296 3407 352 3444 esse
365 3393 504 3456 consentit,
522 3393 619 3444 resistit
631 3392 748 3462 apostolo
761 3391 884 3445 ’dicentie
905 3391 976 3454 Qru'd
986 3396 1050 3444 euim
1066 3392 1145 3444 hader
1155 3394 1221 3460 quod
1232 3409 1280 3444 uere

118 3479 264 3544 accepisti!
276 3483 309 3540 et,
324 3479 419 3528 Gratia
432 3479 475 3530 dei
485 3495 537 3528 nem
549 3480 579 3529 e'd
589 3481 654 3546 quod
664 3495 724 3530 eum.

189 3560 217 3613 si
230 3563 288 3630 quis
300 3579 346 3632 per
358 3567 466 3614 naturae
477 3564 595 3632 rigorem
607 3563 704 3616 bonum
717 3563 828 3634 aliquod,
841 3563 910 3632 quod
922 3561 954 3614 ad
966 3563 1078 3616 salutem
1090 3562 1199 3632 pertinet
1211 3563 1280 3616 ritae
1298 3575 1357 3627 (cap.
1372 3574 1457 3625 nutv.)

117 3651 256 3710 aeternae,
276 3647 390 3716 cogitare
410 3653 440 3699 ut
459 3649 576 3719 expedit,
598 3655 644 3702 aut
663 3649 771 3719 eligere,
789 3649 843 3700 sive
863 3648 984 3712 salutari,
1005 3647 1031 3700 id
1053 3653 1093 3700 eet
1113 3648 1278 3717 evangelicae

117 3731 307 3804 praedicationi
324 3733 469 3786 consentire
487 3751 563 3806 posse
581 3735 728 3800 coufirmat,
751 3733 848 3804 absque
866 3733 1055 3786 illuminatione
1071 3737 1098 3785 et
1113 3733 1280 3804 inspiratione

189 3852 212 3904 2.
233 3853 315 3904 Verbo
328 3853 369 3906 oui
381 3851 509 3906 exhibetis
525 3882 633 3895 ·-—·-
645 3855 707 3908 estis
724 3856 778 3909 eius
795 3857 973 3908 desiderantur
985 3858 1011 3904 r'rr
1024 3855 1083 3907 edit.
1095 3853 1209 3905 Elmead.
1255 3853 1279 3908 3.

116 3927 147 3973 et
156 3939 202 3974 om.
216 3923 274 3975 ede't.
287 3921 401 3974 Elmerrh.
453 3923 478 3975 4.
490 3923 607 3978 adiicitur
619 3927 677 3979 edit.
689 3923 803 3978 Elmeud.

190 3987 263 4058 (Gap.
276 3989 416 4059 XXXIX.)
441 3991 470 4045 V.
483 3991 578 4046 Conce'l.
591 3993 687 4047 Areua.
701 3995 741 4048 II.
756 4013 787 4046 ca
807 4035 812 4046 .
825 3993 852 4048 2.
908 3992 929 4046 l.
942 3989 1016 4044 Rom.
1029 3989 1060 4056 V,
1076 3988 1114 4042 12.
1171 3989 1195 4044 2.
1209 4007 1279 4044 mors

117 4077 166 4111 om.
180 4059 240 4111 edit.
253 4057 368 4111 Elmeud.
420 4057 444 4112 3.
458 4075 547 4112 omnes
560 4059 678 4114 homines
691 4065 749 4114 edit.
788 4061 875 4114 terent.

189 4125 259 4196 (Cap.
273 4125 328 4179 XL.
366 4127 394 4182 V.
406 4127 500 4182 Corrce'l.
512 4129 610 4184 Arcus.
624 4129 664 4182 II.
678 4147 734 4198 cup.
746 4127 771 4181 3.
827 4129 927 4180 1.ἢεί.
940 4127 1019 4191 LXV,
1036 4127 1056 4181 l.
1075 4125 1150 4180 Rom.
1161 4127 1195 4191 X,
1209 4126 1249 4180 20.

118 4193 361 4316 deaprLffi'.
377 4196 405 4250 V.
417 4197 510 4250 Couett.
524 4199 621 4251 Arcus.
634 4197 673 4261 H,
686 4213 744 4265 cup.
756 4195 782 4250 4.
837 4196 858 4250 1.
871 4195 990 4249 Proverb.
1002 4195 1076 4259 V111,
1092 4194 1133 4260 35,
1145 4197 1280 4248 secundum

189 4303 258 4402 (hiep.
270 4263 523 4400 hhlhhphhlhhhhil.
536 4335 633 4387 Arous.
648 4335 687 4388 ΙΙ.
702 4351 723 4385 c.
736 4333 760 4385 5.
808 4333 827 4385 l.
840 4349 886 4404 per
897 4351 942 4385 om.
956 4335 994 4386 ed.
1008 4331 1123 4385 Elmeuh.
1168 4331 1192 4386 2.
1203 4333 1278 4387 beato

117 4419 134 4453 a
155 4402 240 4453 oetolo
257 4399 338 4454 Paulo
356 4403 415 4453 edit.
427 4401 543 4456 Etmeud.
555 4433 589 4442 -
604 4401 712 4522 Philipp.
725 4401 748 4468 Ι,
767 4401 791 4456 6.
805 4401 846 4455 29.
901 4401 926 4454 3.
942 4401 1040 4455 domini
1057 4400 1138 4454 nostri
1155 4419 1201 4455 om.
1219 4403 1279 4454 edit.

146 4468 237 4522 lmert.
290 4469 614 4524 i.rerumede't.Elment.
685 4467 876 4540 ,Ephes.ll,8.
1152 4515 1157 4528 .

189 4535 263 4610 (Gap.
275 4536 379 4606 Xhssh)
404 4537 431 4590 V.
443 4539 538 4592 Concil.
552 4539 647 4592 Arane.
660 4539 700 4593 ΙΙ.
715 4557 747 4590 co
767 4581 773 4592 .
786 4540 811 4592 6.
875 4539 896 4592 l.
907 4539 1099 4604 laborantibus,
1111 4537 1279 4608 vigllmfibtu

117 4625 166 4660 om.
180 4607 240 4660 edit.
254 4603 368 4660 Elmeud.
420 4606 444 4660 2.
455 4605 468 4660 l
480 4605 593 4662 Corinth.
605 4605 649 4672 lv,
661 4607 685 4661 7.
701 4607 728 4664 X
752 4647 760 4676 ,
774 4609 812 4662 10.
