3120 4994
534 181 924 294 montemtremitum
1245 251 1307 318 329

210 404 341 490 Aquarii
356 405 432 472 dicti
447 406 530 490 qnod
545 425 659 491 aquam
678 406 777 474 solam
796 405 931 472 oiierunt
949 407 982 472 in
997 404 1094 474 calice
1109 391 1308 474 sacramenti.
1326 421 1377 478 ces
1389 421 1507 466 mm

212 507 374 574 Severiani
388 531 407 574 a
421 509 534 576 Severo
551 513 659 576 exorti.
695 511 737 576 Hi
751 512 859 576 uinum
874 531 938 577 non
952 510 1080 593 bibunt,
1100 514 1190 576 vetus
1210 516 1307 576 testo·
1326 525 1378 578 cur·
1390 526 1485 570 xxm

141 617 290 677 mantum
306 618 338 678 et
351 615 611 680 resurrectionem
625 633 689 678 non
703 616 868 700 recipiunt.

190 713 334 780 ¹Tatiani
348 736 368 780 s
382 716 516 800 quodam
531 715 662 784 Tatianc
678 717 769 801 dicti,
789 719 844 802 qui
857 721 890 783 et
903 714 1108 786 'Euocatitae
1141 716 1183 782 Hi
1197 736 1308 782 carnes
1326 731 1377 784 om
1390 733 1434 774 1¹*

144 817 377 884 abominentur.
1402 839 1414 879 r

210 921 302 1006 Alogi
316 929 465 1008 tanquam
479 922 548 988 sine
563 923 658 990 verbo
674 923 758 989 dicti.
781 924 822 990 Hi
838 923 932 990 deum
945 923 1077 992 verbum
1090 945 1154 990 non
1166 923 1308 1008 credunt,
1326 939 1376 992 Orc
1390 939 1444 982 m

145 1022 296 1090 lobannis
312 1027 507 1110 evangelium
522 1032 554 1091 et
567 1027 780 1114 Apocalypsin
793 1049 858 1094 non
872 1029 1051 1112 recipiunt.

212 1127 425 1214 Cetaphrygao
440 1153 460 1194 a
472 1130 607 1214 Phrygia
621 1133 784 1216 provincia
798 1130 885 1212 dicti,
896 1130 979 1194 unde
990 1131 1166 1196 Montanus.
1188 1131 1230 1196 Hi
1241 1133 1307 1216 spi·
1325 1145 1376 1198 cro·
1390 1146 1456 1188 mu

145 1231 243 1294 ritum
257 1238 401 1296 sanctum
415 1253 478 1298 non
494 1235 527 1298 in
541 1233 709 1318 apostolos,
725 1233 780 1298 aed
796 1236 829 1297 in
844 1254 877 1297 se
892 1233 1044 1300 traditum
1058 1239 1211 1300 asserunt

211 1333 337 1400 Gothori
351 1356 370 1399 a
383 1336 539 1401 munditia
553 1335 638 1402 dicti.
666 1337 706 1400 Hi
721 1337 955 1422 paenitentibus
969 1337 1094 1402 veniam
1108 1341 1309 1424 peccatorum
1326 1351 1376 1404 cer·
1389 1353 1469 1396 mu·

145 1441 273 1520 negant,
287 1436 407 1520 viduas,
419 1440 446 1502 si
461 1441 637 1525 nupserint,
651 1445 800 1526 tanquam
814 1439 972 1506 adulteras
988 1439 1149 1524 damnent,
1162 1440 1308 1506 mundio-

144 1559 199 1604 res
212 1561 247 1604 se
263 1543 376 1606 ceteris
390 1543 580 1628 praedicant.

211 1643 353 1710 Pauliani
368 1665 387 1708 a
400 1644 496 1710 Paulo
519 1644 723 1710 Samosateno
743 1648 887 1731 episcopo
911 1648 1019 1711 exorti.
1055 1646 1097 1710 Hi
1117 1645 1227 1710 dicunt
1245 1667 1308 1712 non
1326 1660 1376 1713 op.
1391 1661 1466 1705 mv·

147 1765 272 1832 semper
287 1746 444 1812 Christum
458 1747 567 1830 fuisse,
582 1748 643 1820 sed¹
653 1770 673 1815 a
685 1747 784 1812 Maria
796 1751 922 1814 initium
937 1751 1119 1834 sumpsisse.

211 1849 452 1934 Hermogeniani
476 1851 516 1915 ab
542 1852 736 1935 Hermogene
763 1851 896 1935 quodam
921 1853 1034 1918 uocati.
1078 1852 1119 1916 Hi
1144 1853 1308 1918 materiam
1326 1867 1377 1918 cro·
1391 1867 1454 1908 xcv·

143 1951 256 2019 mundi
272 1953 330 2018 deo
344 1953 507 2038 aequalem
520 1955 648 2020 iaciunt.
888 1957 892 1966 ‘

208 2055 382 2122 Manichaei
402 2078 421 2121 a
441 2057 565 2124 Manete
587 2055 722 2142 quodam
740 2057 836 2122 Persa
855 2057 939 2124 dicti.
977 2058 1019 2124 Hi
1037 2057 1114 2122 duas
1134 2063 1262 2123 naturas
1277 2065 1310 2123 et
1326 2073 1376 2126 σιν·
1389 2073 1463 2114 xbvl·

144 2158 351 2242 substantias,
371 2159 406 2224 id
427 2166 476 2225 est
494 2161 609 2226 bonam
625 2167 657 2224 et
670 2159 796 2242 malem,
816 2160 1028 2244 introducunt,
1049 2163 1171 2226 animas
1186 2183 1224 2226 cx
1240 2162 1308 2244 deo,

145 2265 236 2346 quasi
256 2283 294 2326 ex
314 2261 417 2347 aliquo
437 2263 540 2344 fonte,
559 2284 685 2328 manare
705 2269 859 2328 esserunt.
897 2263 993 2328 Vetus
1013 2270 1237 2330 testamentum
1258 2285 1306 2330 re·

143 2372 274 2451 spuunt,
288 2387 403 2431 norum
418 2386 457 2430 ex
470 2371 559 2452 parte
573 2367 737 2451 rccipiunt

210 2469 378 2534 anomiani
392 2471 460 2534 sine
475 2468 541 2552 lege
556 2471 707 2534 viventes.
1327 2486 1377 2538 cap.
1391 2485 1476 2526 rann

209 2571 545 2658 Anthropomorphitae
560 2571 600 2636 ab
614 2571 741 2638 homine
756 2571 848 2652 dicti3
869 2569 1021 2662 ἅνθρωπος
1036 2573 1126 2650 terrim
1145 2573 1237 2639 homo
1258 2572 1307 2637 di·
1326 2588 1377 2640 cre
1390 2589 1487 2630 thum

143 2675 236 2740 citur.
274 2675 314 2739 Hi
330 2675 423 2740 deum
436 2675 574 2740 humana
588 2675 777 2740 membraet
789 2677 958 2742 humanam
972 2677 1105 2742 formam
1119 2675 1235 2742 habere
1251 2697 1306 2742 cu-

142 2783 279 2860 mnne,
295 2799 365 2844 cum
381 2778 457 2843 deus
473 2781 517 2843 cit
530 2781 658 2865 spiritus
677 2785 710 2842 et
725 2799 901 2864 corporeus.

211 2869 403 2948 ¹Hcraclitac
418 2882 458 2946 ab
473 2881 616 2947 Heraclio
638 2881 773 2967 quodam
792 2883 900 2947 exorti.
934 2882 975 2946 Hi
994 2881 1165 2948 monachos
1184 2888 1308 2948 tantum
1326 2895 1377 2948 0⁸1³·
1389 2895 1463 2938 xm·

143 2987 312 3071 recipiunt,
340 2986 483 3068 coniugia
503 2991 669 3071 respuunt,
691 2983 837 3072 parvulos
860 3005 990 3070 ragnum
1012 2985 1171 3052 caelorum
1191 2985 1307 3052 habore

143 3107 210 3156 non
225 3087 363 3153 credunt.

209 3189 380 3257 Novatiano
395 3213 414 3256 a
427 3191 546 3257 Nouato
560 3191 648 3256 urbis
660 3191 776 3258 Romae
791 3193 972 3278 presbytero
985 3191 1070 3256 dicti.
1092 3191 1134 3257 Hi
1148 3191 1254 3278 lapsos
1268 3191 1309 3257 ad
1326 3203 1378 3254 co·
1389 3205 1415 3246 a

142 3295 371 3382 paenitentiam
386 3315 449 3360 non
464 3295 667 3380 recipiebant,
683 3302 715 3360 ct
728 3296 903 3382 baptizatos
917 3295 1165 3380 rebaptizabant

209 3397 349 3464 Montani
363 3419 383 3462 a
396 3398 555 3464 montibus
571 3399 656 3464 dicti.
693 3400 734 3464 Hi
754 3403 895 3484 tempore
916 3400 1144 3484 persecutionis
1163 3400 1196 3462 in
1208 3417 1306 3464 mon·
1326 3411 1377 3464 θυι»
1391 3413 1426 3454 ιι

142 3500 230 3566 tibus
245 3499 412 3584 latuerunt,
426 3507 459 3564 et
473 3521 507 3565 se
523 3521 542 3565 a
556 3521 683 3588 corporo
700 3501 851 3566 ecclesiae
866 3501 1050 3566 diviserunt.

208 3603 370 3670 Ebionitae
386 3605 425 3670 ab
440 3604 559 3670 Ebione
573 3607 686 3670 vocati.
722 3605 762 3670 Hi
778 3604 937 3669 Christum
951 3604 1125 3692 perfectam
1138 3608 1261 3669 tontum
1276 3609 1309 3669 ot
1326 3618 1375 3670 cm
1390 3618 1437 3660 un

142 3711 263 3774 iustum
276 3709 379 3772 virum
393 3713 514 3794 putant.
551 3709 593 3774 Hi
608 3707 796 3774 Semiiudaei
812 3713 901 3792 sunt,
918 3706 1122 3792 Evangelium
1136 3712 1261 3792 teuent,
1276 3713 1308 3773 et

144 3810 247 3894 legem
262 3811 428 3876 carnaliter
443 3818 579 3878 servant.

208 3913 388 3979 Photiniani
407 3935 426 3979 a
444 3914 576 3982 Photino
602 3913 726 3980 ¹Sirmii
752 3915 897 4000 episcopo
918 3913 1002 3979 dicti.
1045 3913 1088 3978 Hi
1110 3912 1269 3980 Christum
1289 3936 1309 3980 a
1326 3927 1377 3980 0·r·
1390 3929 1450 3972 cru.

143 4015 243 4084 Maria
257 4035 313 4102 per
326 4017 440 4103 Ioseph
454 4018 586 4104 nuptiali
602 4020 685 4083 coitu
701 4023 888 4104 conceptum
901 4016 1093 4103 praedicant.

209 4120 336 4184 Atrioni
351 4120 390 4186 ab
405 4121 498 4188 Atrio
514 4120 648 4206 quodam
663 4120 748 4186 dicti.
785 4121 826 4186 Hi
841 4121 952 4186 offerro
968 4119 1155 4186 sacrificium
1173 4141 1230 4208 pro
1251 4121 1307 4188 de·
1326 4133 1378 4188 0⁸1³·
1392 4135 1447 4179 tw·

142 4223 262 4288 iunctis
277 4229 439 4310 spernunt.
1003 4207 1009 4223 ¹

197 4340 260 4412 Cap.
272 4341 328 4396 XL.
341 4373 375 4386 -
388 4343 410 4398 l.
430 4343 509 4414 Vctqc
520 4343 627 4398 Troiani
638 4357 654 4396 s
666 4342 779 4414 quodam
789 4342 913 4396 Taoianc.
970 4341 994 4396 2.
1013 4343 1093 4412 Vulco
1105 4339 1241 4398 mentae

144 4483 163 4536 d
197 4409 260 4480 Cap.
273 4410 411 4468 xum-
424 4413 447 4467 1.
459 4413 495 4466 Id
505 4422 543 4466 ear
552 4413 697 4468 Hieracitae
708 4414 741 4468 ab
753 4413 862 4468 Hieraca
874 4411 995 4483 quodam,
1007 4416 1045 4468 oti
1053 4416 1138 4466 monuo·
1147 4417 1201 4468 tora
1213 4415 1250 4467 cd
1257 4413 1308 4468 Iri·

162 4497 242 4536 oram.

196 4547 258 4621 Cap.
269 4545 335 4605 LIII.
348 4577 381 4590 -
405 4549 427 4604 1.
446 4549 525 4620 Vulpo
536 4548 664 4606 Smimao.
