3144 4986
295 295 336 360 28
797 289 948 336 immi

294 449 527 515 defunctionem
541 450 832 533 successionemque
847 449 920 514 Iesu
934 445 994 514 filii
1008 445 1095 514 Novo
1111 447 1251 514 colentes
1264 449 1304 515 ed
1320 453 1458 536 septivi-

294 557 391 616 tutem
405 552 568 636 gentiIium
588 551 820 616 ⁵tradebantur.
858 551 940 616 Num
958 551 1071 617 ⁶Aster
1086 556 1118 616 et
1131 551 1298 618 'Astaroth
1312 553 1457 621 homines

294 661 327 720 et
339 656 491 720 feminusb
506 656 682 740 figurasque
697 674 805 722 eormn
819 653 980 737 uolebant,
995 675 1073 739 quse
1088 657 1216 720 nomine
1230 675 1337 739 regum
1348 657 1457 741 Syrio-

294 767 382 822 rum⁶
396 758 521 822 fuerunt
535 765 567 822 et
580 757 822 844 Aegyptiorum,
837 778 969 843 quorum
984 757 1041 822 filii
1055 756 1198 842 filiusque
1214 779 1285 824 cum
1299 781 1319 824 e
1333 759 1458 846 popufis

294 864 360 926 suis
375 860 565 943 colerentur,
579 867 651 946 post
662 864 757 928 etiem
768 861 887 946 temple
900 859 963 926 illis
978 861 1146 944 seuientes,
1160 867 1376 947 postmortem
1386 862 1458 929 illo-

294 985 364 1028 rum
374 965 555 1049 progeniem
566 963 684 1028 ibidem
695 963 884 1050 sepelientes
897 965 1026 1030 deorum
1034 963 1222 1048 dearumque
1234 967 1279 1028 eis
1291 965 1458 1032 ³uominc‘¹

295 1066 467 1132 offerebant
486 1087 558 1131 cum
579 1067 738 1132 sacrificiis
758 1065 879 1132 itidem.
912 1067 994 1133 Nem
1014 1065 1224 1132 ⁹Astertium⁶
1245 1073 1294 1132 est
1306 1069 1341 1132 In
1355 1067 1459 1153 Syris,

294 1169 459 1254 ¹⁰eliquue
474 1168 597 1234 diverse
611 1174 643 1234 et
656 1169 801 1255 plurimu,
817 1169 961 1255 1¹quade
976 1175 1067 1254 gente
1080 1169 1337 1236 Chananeeorum
1353 1175 1458 1238 omnIs

293 1271 439 1338 baseillo
454 1277 593 1358 tempore
608 1276 726 1338 exarsit
743 1275 905 1360 impietus,
926 1271 1050 1358 ¹²quem
1071 1271 1094 1312 ¹³
1100 1271 1223 1357 Moyses
1243 1279 1369 1358 gentem
1384 1296 1458 1341 cunr

296 1377 381 1442 omni
395 1395 451 1440 suo
465 1375 580 1461 populo
595 1375 753 1442 eradicare
768 1375 950 1441 iubebatur‘
970 1399 990 1440 s
1003 1375 1139 1442 domino.

91 1470 94 1476 ’
126 1476 278 1529 ⁰¹¹¹·fflffl·
379 1477 444 1543 Alii
453 1477 622 1544 Herodieni
634 1479 773 1561 sunt‚eb
784 1479 926 1544 Herode⁸
939 1479 1032 1562 regel
1046 1477 1233 1544 ludaeorum
1243 1481 1288 1544 ite
1298 1479 1458 1566 appellati.

294 1579 350 1645 isti
361 1583 621 1648 resurrectionem
632 1582 849 1664 contentum,
864 1582 965 1666 legem
980 1587 1011 1646 et
1024 1581 1192 1668 prophetes
1204 1585 1377 1667 occipiunt,
1391 1583 1458 1649 Ilo·
1483 1621 1491 1636 κ

360 1715 385 1768 5.
402 1713 571 1769 trahebantur
588 1717 611 1768 t.
635 1715 658 1770 6.
676 1715 771 1770 Aether
788 1715 820 1768 B.
838 1721 865 1769 et
881 1715 976 1770 Aether
994 1717 1082 1786 (Astur
1093 1716 1124 1786 c.)
1137 1718 1193 1768 abo.
1217 1715 1241 1769 7.
1253 1716 1392 1771 Aetheroth
1406 1719 1457 1772 Bo.

293 1783 417 1836 Astharot
433 1786 455 1836 t.
479 1783 503 1836 8.
515 1785 620 1838 nomine
637 1803 659 1837 c.
683 1786 707 1838 9.
724 1785 868 1838 Asturh'um
882 1786 948 1838 Bet.
964 1785 1018 1838 Hic
1034 1790 1062 1838 s'o
1077 1804 1159 1853 mcrq.
1177 1785 1229 1836 Ba.
1246 1791 1383 1838 seleucus
1400 1805 1459 1840 coc·

277 1857 408 1924 Ἰεγὶοίῑιιν.
439 1853 478 1906 10.
495 1853 609 1923 alibique
622 1871 643 1906 c.
661 1855 750 1924 alique
760 1855 858 1923 reliqui.
895 1854 934 1906 ll.
947 1870 1000 1924 qus
1014 1873 1066 1924 eqo.
1079 1870 1146 1923 quae
1162 1855 1223 1906 liora·
1237 1872 1328 1908 omues.
1366 1855 1405 1908 l‘l.
1423 1857 1459 1910 ub

294 1923 407 1992 quamb.
433 1921 472 1974 13.
484 1921 571 1975 Moses
583 1923 624 1974 ub.

361 1988 423 2060 Cep.
435 1989 556 2045 XXVIII
568 1994 596 2042 iu
607 1989 690 2043 Bate.
701 1994 851 2060 iocenptum
863 1990 940 2043 luctet
948 1989 1108 2044 Hsuonrenr.

293 2091 493 2226 ppeepppebeut,
513 2095 587 2146 vebo
611 2103 657 2146 aot
674 2097 848 2164 persuasione.
902 2092 1166 2216 1ὶῐέιηιιιιΙΗΗοὲο(ἰὶὶῗίιῐί
1188 2093 1281 2216 {stip
1303 2093 1388 2176 XXII.
1403 2095 1459 2216 'ii‘

330 2181 385 2213 u.
949 2178 983 2214 rc.
1037 2201 1086 2214 ..
1163 2202 1169 2214 .
1222 2179 1459 2217 .ueremrnrsr

336 2229 373 2282 (la
391 2269 398 2282 .
414 2229 524 2284 XXVII.
543 2259 576 2269 -
598 2245 621 2283 e.
640 2231 717 2282 Astur
731 2236 757 2283 et
776 2231 851 2282 Astu-
902 2230 944 2283 vel
963 2229 1059 2283 milites
1080 2229 1189 2282 Heredis
1210 2231 1272 2283 Anti
1290 2247 1333 2294 ue,
1351 2233 1396 2301 qui
1417 2231 1459 2284 Io-

293 2297 352 2351 roth
404 2299 453 2362 ide,
465 2298 489 2350 si
497 2299 590 2368 placet,
603 2315 670 2368 queo
682 2315 761 2369 snpra
778 2299 810 2352 ed
827 2315 850 2352 c.
901 2297 1014 2352 hennum
1038 2297 1183 2378 Bsptistem
1207 2299 1261 2352 inte
1285 2300 1335 2352 ecit
1359 2306 1386 2353 et
1406 2301 1460 2356 Ile-

293 2367 342 2422 XV
369 2406 375 2419 .
398 2366 529 2420 Prioribus
550 2367 706 2421 editionibus
727 2373 783 2420 eret
799 2367 849 2419 As·
900 2367 970 2419 rodis
992 2367 1086 2448 Msgm
1112 2365 1182 2420 filins
1207 2367 1268 2420 fuit:
1297 2385 1345 2420 nee
1370 2369 1459 2438 magis

294 2435 389 2488 tloret
401 2435 550 2488 Aettorctt.
580 2435 638 2500 (F.)
899 2433 1017 2488 haeresen
1033 2435 1074 2488 vel
1090 2440 1189 2488 sectum
1206 2435 1338 2506 elgnificet
1353 2437 1391 2489 ibi
1406 2435 1459 2489 hoc

334 2505 359 2558 b.
381 2503 500 2557 homiues
525 2509 551 2557 et
570 2503 693 2571 semines]
729 2503 851 2558 Virorum
901 2519 1006 2568 nomeu,
1018 2519 1097 2573 quem
1108 2502 1336 2569 Caesareanorum,
1347 2504 1412 2558 Pom
1448 2535 1459 2546 ·

293 2573 499 2642 feminarumque
511 2573 657 2628 simulacre
692 2572 749 2638 (F.)
901 2571 1021 2626 teucrum
1033 2578 1059 2624 et
1070 2573 1172 2624 similia.
1191 2572 1235 2640 [lit
1245 2573 1313 2644 apud
1322 2573 1383 2626 Tert
1421 2575 1460 2626 ie·

327 2657 349 2694 e.
368 2640 513 2710 syriorum]
530 2639 550 2694 I.
563 2657 585 2694 e.
597 2641 771 2711 Assyriorum.
793 2641 851 2706 (F.)
901 2657 966 2693 num
992 2639 1197 2705 Attiniunorum,
1221 2639 1404 2710 Nigrienorum
1432 2647 1461 2694 et

327 2709 351 2763 d.
374 2709 482 2764 deorum
501 2709 659 2790 dearumque
679 2711 717 2762 eis
733 2710 850 2777 nomine]
903 2707 1095 2762 Castrianorum.
1123 2707 1190 2762 Nem
1209 2709 1247 2762 ite
1267 2715 1294 2762 et
1308 2709 1460 2776 Herodisni,

293 2779 381 2832 Minus
392 2778 459 2831 bene
471 2778 569 2848 priores
587 2778 724 2844 editiones,
742 2782 850 2831 comino.
903 2775 1072 2846 quiilerodis,
1082 2782 1108 2828 et
1119 2793 1178 2830 cum
1190 2777 1235 2830 illo
1246 2777 1369 2830 Romanis
1379 2779 1459 2898 perti-

192 2905 193 2914 ¹
294 2845 689 2917 Nominedeorumdesrumque
700 2841 851 2911 offerebant,
902 2845 951 2898 bus
963 2845 1086 2898 terebant
1104 2844 1193 2898 Iudaei
1212 2845 1253 2897 vel
1275 2863 1328 2898 nou
1348 2845 1378 2898 iu
1396 2847 1458 2914 eei]

293 2914 343 2968 hoo
355 2921 396 2968 est
406 2921 531 2984 tanquam
549 2915 598 2968 diis
610 2921 637 2968 et
653 2915 759 2968 deabus.
782 2913 851 2968 Offe-
902 2913 929 2967 S.
941 2913 1114 2982 Hieronymus
1127 2913 1159 2966 sd
1171 2913 1263 2968 Muttb.
1275 2913 1360 2968 XXII.
1381 2915 1460 2977 ,Mit-

294 2984 386 3036 rebent
401 2999 461 3036 eum
477 2983 624 3048 sacrifieiis,
646 2984 672 3036 id
693 2989 734 3037 est
753 2981 851 3036 sucrifi—
902 2991 957 3034 tuot
979 2986 1060 3033 titur
1078 2981 1219 3034 Pbom'soeo'
1241 2985 1379 3052 discipulos
1401 3001 1461 3035 suos

295 3053 343 3105 uis.
378 3051 436 3116 (F.)
904 3069 958 3102 cum
998 3053 1140 3113 ecdicos,
1156 3051 1186 3102 id
1197 3060 1234 3101 est
1245 3052 1365 3102 militibus
1375 3051 1459 3103 Herc·

329 3137 351 3173 e.
363 3119 506 3172 &tertium
515 3125 556 3172 est
563 3120 589 3173 in
600 3119 687 3189 Syris]
697 3117 851 3189 Ἄσταρτεῑον
904 3120 955 3182 dte,
967 3135 1010 3170 seu
1022 3136 1081 3187 quos
1092 3120 1223 3171 tundentes
1233 3119 1384 3182 Pharisaei,
1396 3124 1461 3188 quia

295 3185 428 3240 siue’Aerlr
444 3187 851 3258 reostemplumAsturtes,l·.Ssm.
903 3187 1024 3238 Romanis
1035 3187 1131 3239 tribuite
1143 3187 1283 3250 solvebant,
1296 3187 1461 3240 Herodianus

294 3255 395 3312 XXXI.
414 3207 453 3310 lh.
469 3262 495 3310 et
510 3255 612 3326 Ioseph.
629 3255 671 3310 Vl.
691 3255 729 3310 15.
746 3255 851 3338 Antiqu.
903 3256 1040 3318 vocabunt,
1057 3263 1085 3306 ut
1100 3273 1147 3307 uou
1163 3257 1248 3308 diuino
1262 3257 1341 3307 uultui
1352 3257 1459 3309 deditos.

295 3331 322 3378 et
335 3325 357 3378 1.
369 3329 459 3378 contra
469 3325 562 3407 Apion.
579 3325 610 3378 In
620 3325 749 3394 prioribus
761 3325 851 3378 editio·
906 3324 1017 3384 Quidem
1034 3323 1184 3375 belioco-um
1201 3325 1309 3376 re'dicule
1329 3323 1460 3377 Herodic-

228 3429 231 3436 ,
296 3393 639 3464 uibuscorruptrssImescri
658 3391 851 3446 tushieloous:
903 3409 946 3443 oros
958 3400 1053 3460 putent
1071 3396 1114 3460 qui
1129 3391 1254 3444 Herodem
1267 3392 1393 3444 Christum
1407 3411 1461 3444 esse

298 3462 382 3526 ,Num
395 3467 527 3514 astartium
539 3467 614 3514 estio
624 3411 702 3529 Aria
713 3464 800 3530 aliqua
813 3464 851 3514 de'-
903 3461 1050 3522 credebaut,
1067 3466 1133 3528 peod
1148 3477 1267 3528 nusquam
1283 3463 1380 3511 omuino
1396 3463 1460 3529 lupi-

295 3549 370 3584 oerso
387 3539 412 3582 et
443 3532 560 3583 terioro.’'
585 3530 674 3583 innuit
689 3535 777 3584 eutem
792 3528 851 3582 Phi·
902 3527 979 3580 mus.”
1003 3527 1117 3580 Herodes
1133 3533 1221 3581 eutem
1237 3529 1269 3580 eb
1285 3528 1380 3597 angelo
1401 3546 1461 3598 per-

295 3601 374 3652 lester
390 3550 453 3652 arilli
473 3599 552 3652 etiem
572 3598 674 3651 diverse
694 3604 721 3652 et
740 3599 852 3668 plurime
902 3595 1461 3668 eussusAotXIl.23.iuitllerodeeAgrippa,

295 3668 412 3722 Astartes
428 3667 630 3738 templuiuisse,
647 3667 716 3738 quod
732 3683 765 3719 ex
782 3673 851 3719 vete·
901 3665 1044 3718 Aristobuli
1059 3670 1086 3718 et
1096 3664 1234 3718 berenices
1250 3663 1288 3728 R,
1300 3665 1373 3717 ouius
1389 3681 1462 3718 mor-

296 3753 354 3790 rum
362 3736 538 3790 monumentis
547 3734 720 3788 confirmetur.
732 3734 796 3788 Vide
804 3733 850 3786 Pe·
901 3738 955 3786 um
967 3739 1054 3786 narret
1065 3733 1144 3786 etium
1152 3731 1277 3803 Iosephus
1285 3732 1359 3786 XIX.
1369 3732 1393 3786 8.
1405 3735 1462 3787 An-

295 3805 486 3858 trumFsbrum
494 3803 539 3856 lib.
548 3802 572 3855 3.
582 3801 752 3856 Semestrium
762 3818 817 3872 cup.
828 3802 851 3855 2.
902 3801 986 3854 tiuit
1022 3801 1079 3866 (F.)

298 3873 410 3939 [Astarte
422 3873 483 3926 neri
494 3871 618 3924 insistens
629 3872 657 3923 in
668 3871 790 3924 nummis.
803 3869 851 3924 Be·
956 3909 962 3921 .
979 3872 1056 3954 rege]
1075 3868 1186 3922 Fabricii
1196 3868 1325 3922 adnotetis
1336 3867 1401 3924 haee
1413 3871 1460 3923 sd-

297 3956 351 4010 ger.
362 3941 405 3994 111.
436 3940 507 4008 eu]
543 3939 600 4004 (F.)
903 3937 967 3990 didit
1001 3937 1154 3991 delendus:
1183 3937 1358 4020 ,Hieronymo
1393 3939 1463 3994 eddo

336 4009 354 4060 i.
372 4025 399 4062 er
434 4009 659 4129 'cureiubebsturg
678 4005 736 4060 Non
751 4012 853 4060 tuntum
903 4006 1108 4069 Damascenum,
1121 4006 1309 4060 euiflerodienr
1332 4009 1463 4077 suntqui,

298 4091 355 4129 urse
372 4082 398 4130 et
411 4077 482 4130 idole
495 4079 568 4130 lucos
588 4093 620 4130 ue
659 4075 853 4129 heneneeorum
904 4079 934 4128 ut
964 4073 1058 4128 Herodi
1085 4075 1230 4143 placerent,
1256 4073 1382 4128 Romanis
1416 4077 1462 4129 tri-

297 4144 449 4198 exeoindere
464 4144 547 4199 Exod.
672 4145 712 4198 24.
728 4143 853 4198 XXXIV.
903 4143 968 4196 butu
987 4142 1134 4207 solvebant,
1159 4143 1253 4212 quibus
1273 4149 1303 4195 ut
1321 4143 1464 4198 illuderent

301 4213 340 4266 13.
375 4211 432 4277 (F.)
903 4210 1048 4274 Pharisaei,
1064 4210 1224 4264 Herodianus
1242 4211 1378 4264 vocabant
1402 4213 1462 4266 Me·

333 4281 369 4335 Ge
388 4279 572 4334 .XXVIIL-
589 4283 655 4336 seb
664 4281 764 4336 Herode
778 4283 851 4350 rege]
904 4280 972 4332 orius
992 4277 1122 4332 Hierolex.
1139 4296 1163 4332 u.
1180 4278 1338 4342 Herodiano,
1376 4296 1412 4333 uo
1433 4282 1463 4336 in

298 4297 426 4403 [lutosum
435 4349 563 4418 Magnum
570 4349 692 4404 tribuisse
703 4367 798 4404 nomeu
812 4365 852 4402 se·
903 4349 959 4402 loco
980 4346 1147 4401 Philustrium
1166 4347 1286 4416 castiget
1312 4347 1349 4400 (lo
1380 4365 1420 4414 er,
1438 4351 1464 4404 si

298 4425 355 4470 etue
363 4418 568 4472 Herodisuorum
579 4418 738 4472 contendunt
749 4417 796 4470 riri
807 4417 852 4469 do·
902 4417 986 4480 lubet,
1004 4415 1166 4485 Scaligernm
1182 4414 1296 4469 Eleuoho
1308 4413 1425 4470 Tribser.
1437 4433 1461 4470 e.

299 4485 420 4550 ctissimi,
458 4491 578 4538 reeeunte
593 4483 642 4555 Epi
660 4484 737 4538 henio
751 4484 852 4538 haeresi
906 4485 1008 4536 let2.''

298 4552 369 4619 XX,
381 4559 407 4608 et
446 4557 514 4610 reete
527 4553 571 4607 lib.
591 4552 613 4606 l.
669 4553 754 4606 essuri
769 4569 791 4605 e.
809 4551 851 4606 34.
940 4569 962 4606 c.
980 4553 1194 4606 resurrectionem
1213 4551 1379 4622 confitentur]
1401 4552 1462 4610 Non
