3144 4986
296 203 334 273 12

803 204 952 249 museum

294 362 358 425 raoi
377 358 598 445 vocabantur‘,
616 383 636 427 a
654 382 715 447 quo
733 367 842 449 postea
859 367 974 451 pagani
990 365 1087 431 sortes
1101 367 1186 431 viros
1205 385 1244 432 ex
1257 363 1344 434 illius
1358 365 1459 455 figura

216 518 219 525 .
294 470 480 550 usurpantes
494 464 658 530 Hercules‘
677 474 906 553 nuncuparunt.

176 577 227 630 cu·
240 576 277 619 m
380 567 523 633 ¹Esseni⁸
540 574 646 637 autem
664 576 738 636 sunt
753 573 806 655 qui
820 570 1061 637 monachornmb
1075 574 1173 636 vitam
1189 578 1348 655 exercent,
1368 592 1457 637 escas

296 671 458 738 deliciosas
470 693 533 738 nou
545 680 719 756 sumentes,
734 695 792 739 nec
804 674 943 740 studium
957 677 1200 740 investimentis
1219 682 1376 758 gerentes,
1398 697 1458 744 nec

295 775 493 861 possidentes
512 775 644 860 aliquid,
666 776 793 843 lectioni
811 783 916 843 autem
935 786 967 843 et
989 778 1079 844 bonis
1099 777 1245 863 operibus
1264 781 1458 863 insistentes,

295 881 328 946 in
342 878 419 947 locis
435 881 531 945 etiam
545 886 715 966 separatis⁰
729 881 922 965 habitantes,
938 882 1096 947 Christum
1110 888 1215 947 autem
1230 881 1391 948 dominum
1405 882 1458 950 dei

361 1031 424 1103 Cap.
436 1031 483 1086 IX.
501 1036 528 1084 in
539 1032 620 1086 Bcbc.
632 1037 781 1104 incomptum
794 1034 869 1087 labet
880 1034 981 1090 llssaru.
993 1066 1025 1076 —
1040 1037 1061 1089 l.
1073 1035 1163 1089 llssaei
1175 1037 1268 1104 lepimr
1276 1039 1303 1088 in
1312 1055 1393 1106 marg.
1405 1036 1456 1090 Bc.

295 1169 394 1291 emisi
411 1170 517 1223 Tzotaes
535 1169 643 1224 Chiliad.
660 1171 684 1224 2.
700 1171 796 1225 Hister.
807 1172 850 1226 37.

295 1245 311 1429 ἱ
328 1246 430 1429 qudia
438 1306 561 1428 (lilimeraei
573 1309 742 1390 vocabantur]
755 1308 784 1362 In
794 1310 850 1379 qui·

294 1382 590 1509 usurum
607 1377 850 1499 reuulsus

294 1513 362 1565 iensl
377 1512 478 1577 codice,
496 1520 527 1565 nt
543 1515 683 1566 somniarit
699 1515 850 1568 Galeardns.

295 1581 320 1633 ls
333 1581 401 1633 enim
413 1581 478 1634 liber
490 1599 549 1634 eam
558 1581 679 1634 Philastrl
690 1584 850 1652 particulam,

295 1666 347 1718 qua
358 1647 511 1702 ludaeorum
525 1649 643 1703 haereses
655 1657 850 1720 pertractentur,

295 1718 371 1787 plane
380 1734 433 1770 non
443 1719 599 1782 continebat,
608 1719 716 1772 testelo.
724 1720 850 1789 Raverdy,

190 1787 193 1801 '
295 1784 422 1839 monacho
435 1786 615 1851 Benedicttnn,
632 1790 676 1857 qui
689 1805 748 1841 eum
761 1794 850 1841 contu·

295 1855 331 1907 lit.
342 1855 372 1906 V.
384 1854 490 1907 Collect.
499 1856 567 1908 vett
579 1856 646 1908 Patr.
659 1857 727 1909 Eccl.
740 1857 811 1909 BrIx.
844 1898 849 1910 .

298 1922 352 1976 152.
370 1922 456 1975 Verba
471 1923 593 1976 Philastri
608 1925 752 2046 supplenda
762 1925 850 1977 elden-

295 1998 337 2044 tur
353 2008 388 2044 ex
404 1993 489 2044 verbis
501 1992 640 2062 Epiphanii
678 1994 850 2058 senilelL,

295 2059 318 2112 5.
331 2061 379 2112 ita:
399 2101 410 2118 „
436 2061 480 2112 uia
490 2060 614 2113 Nazaraei
626 2061 711 2114 devoti
723 2063 850 2115 vocaban-

295 2128 361 2180 tur.”
379 2126 417 2180 ot.
442 2129 503 2182 ¹um.
514 2129 556 2182 Vl.
566 2129 619 2182 lud.
630 2130 700 2183 XIII.
718 2130 796 2183 Plane
806 2132 851 2183 ab·

296 2213 362 2249 sona
377 2203 439 2249 sunt
454 2214 520 2267 quae
537 2197 568 2258 de
584 2196 633 2250 hoc
649 2197 779 2252 Philastrii
793 2200 850 2251 loco

295 2265 397 2318 censuit
409 2265 458 2318 Cas
479 2307 484 2318 .
498 2266 577 2318 Barth
587 2267 706 2319 Adverss.
717 2267 816 2331 nivi,
826 2267 864 2321 5.-

337 2333 355 2386 f.
377 2283 511 2401 Hercufes]
538 2334 649 2388 Cassum
669 2352 684 2387 a
707 2334 851 2405 Sampsone

295 2402 448 2455 Tamnatam
460 2408 536 2455 eunte
544 2404 646 2457 leonem
658 2405 698 2456 leo
707 2404 851 2457 Nemeaeus

296 2472 442 2526 abHercule
453 2472 603 2525 interiectus
609 2473 695 2534 refert,
708 2473 852 2526 utDalilam

297 2540 434 2610 Omphale,
450 2541 585 2593 columnas
602 2540 665 2593 duas
679 2540 795 2594 Gazaeae
807 2541 852 2593 do·

296 2627 355 2664 mus
367 2611 503 2662 columnae
516 2608 659 2662 Gaditanas
671 2626 738 2678 quae
749 2610 852 2662 Herculi

296 2685 366 2732 meta
381 2679 502 2731 itinerum
517 2677 635 2743 fuerunt,
651 2685 681 2731 ut
700 2679 760 2730 illae
777 2678 851 2730 Sem·

314 2747 372 2799 soni
395 2747 463 2798 utne
486 2747 619 2799 terminus.
651 2747 721 2799 Haec
744 2747 851 2799 illustris

295 2765 404 2869 Nostius
436 2814 512 2867 .336.
528 2815 701 2867 Demonstrat
714 2815 852 2883 Evangeli-

295 2901 349 2935 cae.
375 2832 447 2935 Adde
464 2884 487 2935 si
502 2883 587 2952 placet
601 2883 726 2936 Ludovici
738 2883 853 2953 Csppelli

296 2953 381 3021 Opera
391 2957 513 3021 postuma
524 2968 548 3020 p.
561 2951 611 3002 426
623 2968 678 3020 seq.
700 2951 752 3004 Sed
768 2957 794 3003 et
806 2969 852 3003 no·

296 3037 356 3073 men
368 3020 454 3088 ipsum
464 3020 591 3087 congruit,
604 3037 665 3071 nam
674 3019 803 3089 Sampson
813 3026 854 3071 est

296 3095 351 3170 'pute
368 3095 466 3151 mm,
484 3089 523 3139 eol
531 3090 702 3155 fortitudinia,
721 3093 747 3143 et
763 3104 780 3140 a
795 3086 853 3140 Fla-

296 3174 338 3225 vio
349 3170 459 3241 Iosepho
472 3173 610 3241 exponitur
622 3170 730 3243 ἰσχυρός.
751 3172 803 3235 ,Et
813 3190 852 3224 re-

297 3261 357 3293 ceru
375 3241 510 3292 Herculem
530 3243 603 3292 solem
621 3259 685 3303 esse,
701 3241 786 3309 inquil
797 3242 852 3294 Ma·

296 3310 399 3364 crebius
422 3309 466 3361 lib.
486 3309 506 3361 l.
524 3309 653 3362 Ssturual.
669 3325 725 3379 cap.
742 3309 795 3373 20„
814 3311 854 3360 oet

297 3397 327 3430 es
342 3380 439 3429 nominc
455 3378 544 3430 claret.
574 3375 696 3446 Ἡρακλῆς
713 3382 777 3430 cuim
793 3379 854 3445 quid

297 3449 371 3499 alirrd
379 3454 415 3496 est
426 3448 476 3496 uisi
486 3442 574 3514 Ἥρας>
586 3449 616 3498 s'd
627 3455 664 3499 eat
674 3449 752 3513 nens,
766 3445 853 3505 κλέοςὲ

297 3532 448 3635 puoplporrc
461 3515 516 3633 (gip
527 3515 597 3633 apris
604 3516 743 3634 ggoripteat,
754 3518 804 3566 aciei
812 3533 850 3634 sp·

308 3604 329 3636 cs
379 3601 499 3634 emerico
533 3599 581 3634 ec.
638 3599 712 3634 mro
750 3598 851 3635 uaee

296 3652 404 3705 Hercule
421 3649 482 3703 Sole
497 3654 621 3702 notarunt
636 3600 790 3718 amplisNrmi
806 3651 851 3703 do·

296 3720 457 3789 ctissImique
469 3718 524 3771 Viri
537 3718 609 3770 Gisb.
622 3717 661 3770 (lu
679 3734 737 3770 erus
750 3720 776 3771 iu
788 3719 851 3771 Har-

297 3794 409 3857 pocrate,
421 3795 448 3840 et
458 3787 567 3840 lacubus
580 3786 635 3838 Rhe
666 3787 717 3850 erd,
730 3788 758 3839 iu
769 3788 852 3856 expli·

297 3857 398 3908 catione
409 3857 482 3908 numi
491 3853 623 3908 Phoenicii
634 3855 703 3974 apud
712 3853 853 3907 Iohannem

298 3924 426 4042 Clericurp
442 3924 472 3977 Τ.
484 3923 530 3977 xl.
543 3922 610 3976 Bibl.
624 3923 658 3975 Se
670 3930 741 3975 estse
757 3940 782 3992 p.
799 3923 852 3976 109.

297 4010 326 4045 se
345 4031 351 4044 .
390 3996 403 4054 (
420 3992 433 4042 ¹.

327 4009 393 4128 Nap.
406 3997 452 4111 IX).
465 4088 497 4096 -
509 4076 532 4112 a.
545 4060 648 4126 Essem]
658 4059 771 4112 Essenos
782 4059 854 4112 Chri·

298 4128 422 4180 stianose
460 4128 526 4179 escit
537 4144 649 4195 magnus
658 4128 798 4180 Annalium
809 4145 853 4197 pa·

297 4214 357 4249 rens
369 4196 398 4248 Α.
409 4142 488 4247 anlil.
500 4212 525 4246 n.
538 4203 562 4247 4.
575 4203 601 4274 et
611 4196 636 4248 5.
648 4202 708 4265 post
722 4197 786 4249 alios
799 4204 854 4249 tam

298 4271 397 4317 veteres
404 4279 483 4333 quam
489 4270 652 4327 recentiores,
662 4266 707 4332 qui
715 4265 746 4317 de
753 4265 784 4316 lis
791 4265 853 4317 scri·

297 4330 853 4402 pserunt,Novatoribnsexceptis,eoqucd,

298 4401 342 4467 ait,
352 4397 537 4453 monachorum
548 4399 669 4451 instituta
680 4416 781 4453 summo
794 4399 853 4452 odio

298 4465 856 4539 prosequantur.''Notaestquaestic,utrum

901 1173 1048 1227 abEssenis
1057 1173 1179 1226 monachi
1188 1179 1273 1227 ortum
1286 1174 1390 1240 ducam,
1405 1190 1459 1243 qua

901 1243 1458 1296 dereextantuelitatiouessnnrmaconten·

901 1312 972 1363 tione
989 1309 1092 1364 habitae
1109 1311 1176 1363 inter
1188 1311 1320 1364 serarium
1336 1316 1363 1364 et
1375 1311 1457 1363 Scali-

901 1396 1005 1448 gerum,
1022 1395 1132 1449 quornm
1144 1384 1252 1450 uterque
1267 1396 1314 1449 pro
1326 1396 1375 1432 sus
1386 1380 1457 1449 qnis-

901 1465 952 1518 que
975 1447 1105 1500 sententia
1126 1447 1213 1500 locum
1236 1446 1305 1501 hunc
1325 1443 1458 1500 Philastrii

901 1516 1010 1637 profert,
1027 1515 1145 1568 Serarius
1161 1515 1265 1585 quidem
1277 1516 1301 1568 3.
1313 1514 1457 1569 Trlhaores.

917 1585 951 1650 0,
973 1583 1090 1653 Scaliger
1106 1595 1167 1636 vero
1184 1583 1297 1638 Elencho
1313 1583 1457 1637 Trihaercs.

901 1652 956 1717 31,
971 1653 1016 1704 ubi
1028 1651 1159 1704 Sororium
1172 1654 1295 1720 castigat,
1312 1653 1387 1722 qussi
1397 1651 1457 1704 Phi·

901 1721 984 1774 lastrii
1004 1721 1182 1773 testimonium
1198 1721 1305 1773 minime
1325 1722 1457 1790 integrum

901 1789 1064 1860 produxerim
1077 1789 1122 1841 sed
1132 1789 1246 1859 profecto
1259 1790 1395 1842 immerito.
1414 1788 1457 1841 Ul·

901 1856 965 1910 tima
974 1857 1043 1910 enim
1051 1858 1131 1909 verba
1140 1874 1206 1926 quae
1216 1857 1252 1909 ibi
1260 1858 1389 1926 praeterit,
1401 1858 1457 1910 lau·

901 1927 1006 1978 (laverat
1018 1941 1096 1994 snpra
1107 1941 1163 1994 cap.
1175 1926 1192 1977 4
1204 1932 1332 1989 extremo,
1344 1926 1389 1978 nbi
1401 1926 1457 1994 agit

902 1995 933 2047 de
944 1994 1101 2047 Esseuornm
1118 1994 1284 2063 dogmatibus
1300 1994 1342 2046 uel
1353 1994 1458 2047 institu-

901 2063 943 2115 tis.
961 2063 1012 2115 Eos
1025 2079 1101 2132 porro
1118 2062 1214 2131 aliquid
1227 2079 1241 2114 e
1255 2060 1401 2115 Christiana
1412 2062 1457 2115 do·

902 2132 984 2184 ctrina
995 2130 1126 2195 hausisse,
1142 2130 1188 2182 sed
1199 2131 1226 2182 in
1238 2136 1322 2183 toturn
1334 2129 1458 2182 Christia-

901 2217 950 2252 nos
966 2217 1019 2252 non
1035 2199 1128 2263 luisse,
1146 2198 1247 2251 notauit
1263 2199 1406 2250 Sehuasius
1424 2201 1459 2251 ad

902 2268 983 2320 Solin.
996 2282 1055 2338 pag.
1067 2266 1137 2327 431.;
1153 2265 1284 2318 habebant
1298 2268 1368 2319 enirn
1383 2284 1458 2336 prae-

902 2345 940 2388 ter
950 2341 1107 2404 ceteraquae
1113 2334 1264 2387 Christianis
1274 2336 1389 2387 moribus
1396 2352 1458 2388 con-

902 2405 1031 2471 uenirent,
1054 2409 1174 2456 mutuum
1194 2403 1261 2456 inter
1283 2420 1311 2455 se
1333 2420 1458 2468 amorem,

902 2473 1028 2525 castitatis
1035 2473 1204 2542 propositum,
1210 2471 1359 2541 despectum
1369 2489 1458 2541 opum,

902 2541 1069 2594 antelucanas
1107 2557 1191 2603 recca,
1212 2547 1289 2609 etque
1309 2539 1459 2593 huiusmodi

902 2610 961 2662 alia
983 2608 1034 2661 Sed
1045 2558 1197 2660 Phdastrius
1213 2623 1274 2660 cum
1290 2608 1367 2660 addat
1380 2608 1457 2660 Esse·

902 2695 951 2730 nos
964 2676 1095 2729 Christum
1108 2677 1242 2729 dominnm
1258 2676 1299 2728 del
1310 2675 1394 2730 filium
1404 2693 1460 2729 non

902 2752 1067 2816 expectasse,
1095 2746 1141 2797 sed
1170 2752 1197 2798 ut
1224 2744 1388 2814 prophetem,
1413 2752 1458 2798 aut

902 2815 1001 2867 iustum
1012 2811 1144 2866 hominem
1156 2813 1242 2866 solum
1254 2813 1400 2877 credentes,
1418 2814 1460 2865 vel

903 2882 963 2935 hinc
980 2883 1062 2951 liquet
1079 2899 1123 2933 eos
1141 2881 1292 2933 Christianis
1311 2897 1363 2935 non
1381 2899 1460 2961 possa

903 2951 1045 3013 accenseri,
1063 2949 1132 3030 quod
1148 2967 1182 3002 cx
1198 2947 1247 3002 hoc
1258 2948 1389 3002 Philcstrir
1401 2951 1460 3001 loco

902 3019 978 3071 rideo
995 3019 1126 3089 placuisse
1143 3019 1221 3070 etiam
1233 3017 1348 3070 Samueli
1359 3017 1459 3070 Basna·

903 3089 947 3158 gio
960 3084 1033 3140 Tom.
1045 3086 1064 3139 Ι.
1076 3087 1143 3139 Anu.
1155 3104 1181 3156 p.
1195 3085 1250 3139 172.
1268 3085 1408 3155 (Galeardl

937 3174 962 3224 b.
979 3170 1166 3229 monachorum
1176 3171 1268 3238 vitem]
1291 3170 1381 3240 Neque
1393 3188 1462 3223 uxo·

903 3258 944 3293 res
956 3239 1085 3303 habuisse,
1097 3256 1144 3292 nec
1154 3256 1251 3302 servos,
1263 3240 1461 3292 atcommunio·

902 3325 964 3362 nem
980 3310 1030 3362 illis
1049 3309 1132 3361 luisse
1148 3309 1275 3388 horrorum
1294 3314 1404 3363 testatur
1420 3307 1461 3359 Io-

903 3375 1461 3526 :cluiliusseruulus

902 3511 1461 3594 darcoc.·12.,quemadmodume't1amPhrlo

901 3582 1031 3662 Apologia
1055 3598 1113 3661 pro.
1127 3581 1227 3633 ludaeis
1253 3587 1280 3661 et
1300 3581 1367 3633 lrbro
1390 3582 1461 3650 quod

902 3648 1462 3730 omnrsprobnshber.losephrrerbalegnn·

902 3716 1301 3839 {liittllputttltlli
1314 3717 1462 3838 Nihili:

903 3856 971 3908 louis
980 3854 1048 3925 opud
1058 3803 1388 3907 EusebiumVllldfetll.
1404 3855 1462 3918 (F.)

939 3940 961 3975 c.
979 3924 1081 3975 inlocis
1099 3924 1236 3992 separatis]
1254 3921 1379 4002 losephus
1391 3922 1462 3974 effir-
1565 3943 1568 3948 ·

904 3998 960 4044 mat
970 4009 1023 4044 non
1035 3997 1110 4043 extra
1120 3992 1198 4044 urbes
1206 4007 1290 4071 neque
1302 4007 1329 4042 ιιι
1338 4005 1391 4042 uns
1399 3991 1463 4042 eivi-

905 4066 966 4123 tate,
979 4059 1025 4112 sed
1034 4060 1226 4128 inquibuslibet
1234 4059 1381 4111 crvitstibus
1391 4075 1462 4111 com·

904 4129 992 4197 plnres
1012 4128 1165 4180 conuenisse
1186 4135 1212 4178 et
1232 4142 1284 4179 uns
1303 4127 1413 4190 vixisse,
1434 4128 1461 4180 in

905 4196 1038 4249 communi
1059 4196 1236 4248 contubernio.
1270 4193 1343 4247 Philo
1370 4202 1463 4247 contra

905 4273 995 4317 auctor
1004 4271 1044 4316 est
1053 4262 1184 4318 habitasse
1194 4261 1320 4331 κωμηδὴν,
1329 4265 1461 4333 perricos,

905 4334 1022 4385 civitates
1034 4349 1095 4384 roro
1106 4332 1215 4401 fugisse,
1227 4329 1269 4390 τὰς
1283 4331 1366 4391 πόλεις
1380 4329 1462 4400 ἔκτρε-

905 4400 1032 4469 copiosor.
1058 4401 1143 4470 Atque
1159 4399 1190 4452 de
1205 4399 1298 4453 iisdem
1314 4416 1463 4453 sermonem

905 4485 963 4522 esse
983 4469 1085 4539 utrique
1105 4474 1177 4538 patet
1196 4468 1265 4538 quod
1284 4466 1357 4523 Philo
1373 4469 1462 4535 etism
