3120 4994
273 261 336 326 2⁵12
696 259 1012 306 resonomnrmuraur

272 413 394 480 nander
408 435 477 480 esse
493 414 628 499 dicebat,
642 435 761 500 negans
775 417 891 485 habere
905 440 998 506 posse
1013 439 1202 508 quemquam
1213 419 1358 502 salutem,
1372 421 1429 486 nisi

273 519 447 583 innomine
463 539 517 583 suo
534 517 710 605 baptizatus
724 521 844 586 fuisset.

151 631 202 685 cu·
215 633 255 675 111·
337 621 468 686 Secutus
484 628 532 687 est
545 629 617 708 post
630 623 708 688 haec
723 629 755 687 et
766 623 963 706 Saturninus,
979 631 1010 689 et
1023 624 1075 690 hie
1090 624 1234 692 similiter
1249 625 1357 690 dicens
1372 625 1429 692 ¹in·

273 724 458 790 nascibilem
473 727 621 791 virtutem
628 725 643 808 ,‘
656 726 689 791 id
705 733 754 792 est
768 726 878 808 deum,
896 728 931 792 in
946 730 1076 792 summis
1092 735 1123 792 et
1136 728 1200 794 illis
1214 729 1347 794 infinitis
1362 751 1430 815 par·

271 827 355 892 tibus
372 830 451 892 etin
466 829 677 914 superioribus
691 850 836 912 manere,
854 829 945 914 longe
961 837 1065 896 autem
1080 831 1233 896 distantes
1248 832 1287 896 ab
1303 831 1362 897 hoc
1377 853 1430 897 an-

271 931 356 1014 gelos
371 929 567 998 ²inseriorem
580 931 734 997 mundum
745 934 868 1016 fecisse,
883 939 915 997 et
926 935 999 1018 quia
1009 933 1157 1019 splendor
1169 933 1297 1018 quidam
1307 933 1432 998 luminis

271 1032 436 1098 desursum
450 1036 484 1098 in
498 1035 698 1100 inferioribus
717 1035 906 1118 refulsisset,
927 1036 967 1100 ad
986 1036 1224 1101 similitudinem
1241 1036 1325 1100 illius
1340 1036 1432 1102 lumi·

270 1138 320 1200 nis
336 1135 462 1220 angelos
476 1135 636 1202 hominem
649 1139 813 1204 instituere
833 1159 968 1204 curasse.
1003 1139 1095 1205 Hunc
1111 1145 1334 1226 superterram
1348 1141 1432 1206 iacn-

269 1241 333 1304 isse
355 1244 544 1325 reptantem3
571 1243 659 1308 euius
679 1241 785 1306 lumen
811 1240 889 1306 illud
915 1247 946 1305 et
964 1244 1113 1306 virtutem
1133 1241 1220 1306 illam
1241 1244 1433 1328 superiorem

269 1349 396 1428 propter
410 1343 657 1418 misericordiam
678 1341 834 1408 ³scintilla
848 1347 987 1408 ocimum
1003 1344 1157 1428 salvasse,
1177 1351 1283 1409 cetera
1296 1345 1433 1410 hominis

269 1447 387 1530 perire;
403 1444 561 1510 Christum
575 1449 609 1510 in
628 1445 804 1511 substantia
819 1449 955 1532 corporis
967 1468 1031 1512 non
1045 1447 1153 1529 fuisse,
1168 1453 1200 1511 et
1214 1446 1434 1532 phantasmate

269 1554 393 1612 tantum
407 1551 496 1633 quasi
511 1570 639 1635 passum
653 1550 766 1631 luisse3
782 1552 1042 1616 resurrectionem
1056 1552 1159 1616 carnis
1174 1549 1259 1616 nullo
1274 1549 1368 1617 modo
1384 1551 1400 1616 l
1419 1585 1433 1600 ·

268 1658 371 1716 turam
386 1673 465 1718 esse.

157 1777 253 1831 aare.
330 1757 446 1822 Postea
469 1753 623 1820 Basilides
649 1753 825 1820 haereticus
850 1757 961 1842 erupit.
997 1757 1057 1821 Hio
1084 1775 1154 1821 esse
1176 1756 1253 1821 dicit
1274 1777 1435 1822 summum

270 1857 362 1924 deum
377 1861 503 1924 nomine
524 1857 685 1940 Abraxan,
701 1879 761 1942 quo
776 1864 916 1924 mentem
933 1865 1085 1942 creatam,
1101 1871 1194 1943 quam
1212 1860 1328 1926 Graece
1345 1865 1433 1918 ΝΟΥΝ

269 1961 421 2048 appellet3
441 1960 515 2025 inde
531 1959 677 2043 verbum,
696 1981 734 2024 err
749 1960 802 2026 illo
818 1961 1064 2046 providentiam,
1083 1964 1232 2026 neuram
1253 1967 1286 2026 et
1306 1966 1432 2048 sapien·

267 2067 355 2147 tiam,
370 2085 409 2128 ex
423 2066 501 2149 ipsis
516 2062 589 2128 inde
605 2066 798 2149 principatus
819 2070 851 2127 et
864 2070 1037 2150 potestates
1058 2071 1090 2129 et
1103 2063 1230 2148 angelos
1244 2066 1356 2149 laotos,
1377 2065 1432 2131 de-

267 2167 340 2230 inde
355 2167 495 2231 infinitas
511 2165 690 2250 angelorum
706 2167 861 2231 editiones
875 2173 907 2230 ct
920 2167 1081 2254 probolas3
1097 2169 1136 2232 ab
1149 2169 1221 2232 ,istis
1233 2167 1353 2250 angelis
1367 2173 1431 2233 tre-

268 2277 375 2336 centos
391 2272 555 2353 sexaginta
570 2271 706 2354 quinque
724 2269 826 2335 caelos
841 2271 1014 2352 institutos,
1036 2277 1068 2334 et
1087 2268 1240 2334 mundum
1260 2271 1312 2334 ²in
1331 2270 1431 2336 hono·

267 2393 333 2438 rem
347 2371 501 2454 Abraxae,
521 2373 609 2437 ouius
624 2392 739 2437 nomen
753 2372 836 2437 huno
850 2375 884 2436 in
905 2371 1067 2437 schabest
1082 2391 1247 2439 numerum
1267 2381 1430 2458 compute·

266 2482 342 2540 tum.
379 2475 416 2539 In
436 2473 555 2540 ultimis
575 2473 702 2560 quidem
721 2475 856 2559 angelis,
875 2482 908 2541 et
929 2477 983 2561 qui
1001 2475 1085 2540 huno
1104 2477 1247 2540 fecerunt
1266 2475 1429 2556 mnndum,
1544 2489 1545 2532 l

265 2579 472 2644 novissimum
486 2580 575 2664 ponit
588 2576 772 2642 ludaeorum
788 2579 892 2662 deum,
905 2577 939 2642 id
955 2583 1003 2642 est
1018 2579 1111 2643 deum
1126 2579 1203 2661 legis
1215 2584 1247 2642 et
1261 2578 1429 2664 propheta-

265 2701 351 2764 rum,
372 2702 465 2766 quem
486 2681 579 2745 deum
598 2686 707 2764 negat,
726 2679 782 2745 sed
797 2681 942 2764 angelum
957 2681 1046 2761 dicit;
1065 2681 1138 2746 huic
1154 2683 1263 2745 sortito
1279 2680 1429 2766 obtigisse

266 2804 374 2849 semen
389 2783 550 2866 Abrahae,
570 2790 663 2868 atque
682 2781 752 2847 ideo
774 2783 858 2848 hunc
874 2783 912 2848 de
928 2790 1012 2848 terra
1026 2783 1167 2868 Aegypto
1188 2783 1269 2849 lihos
1284 2784 1382 2848 lsrael
1396 2787 1428 2848 in

264 2893 380 2952 terram
392 2887 541 2951 Chanaen
552 2877 764 2964 transtulisse3
780 2884 881 2951 ²huno
892 2885 1151 2952 turbulentiorem
1161 2907 1235 2971 prae
1248 2888 1360 2951 ceteris
1372 2907 1427 2951 an·
1544 2955 1545 2972 2

154 3003 163 3022 ’
264 2989 352 3072 gelis,
372 2995 465 3076 atque
480 2988 549 3054 ideo
566 2995 597 3052 et
612 2988 782 3053 seditiones
796 2989 975 3074 frequenter
990 2995 1022 3052 et
1038 2988 1119 3054 bella
1133 2995 1310 3071 concutere,
1325 2987 1384 3054 sed
1398 2995 1430 3052 et

263 3091 435 3156 humanum
450 3093 634 3173 sangninem
649 3090 792 3154 funderet
809 3091 967 3156 Christum
977 3097 1093 3174 autem,
1107 3111 1171 3156 non
1186 3092 1225 3158 ab
1240 3091 1299 3156 hoc
1312 3094 1367 3176 qui
1381 3092 1427 3156 fe·

265 3197 343 3259 cerit
356 3193 519 3276 mundum,
535 3191 591 3257 sed
605 3193 644 3257 ab
659 3192 713 3258 illo
725 3193 850 3259 Abraxa
860 3197 1003 3276 missum,
1017 3197 1142 3258 venisse
1153 3196 1187 3258 in
1197 3194 1428 3278 phantasmate,

264 3297 332 3362 sine
348 3296 524 3361 substantia
539 3297 642 3360 carnis
654 3297 766 3376 fuisse3
780 3295 864 3360 hunc
877 3317 1006 3381 passum
1020 3295 1259 3381 ³apudludaeos
1271 3317 1335 3362 non
1347 3318 1427 3380 esse,

263 3399 319 3465 sed
331 3403 401 3465 'vice
416 3401 515 3486 ipsius
531 3399 690 3464 Simonem
704 3399 887 3464 crucifixum
899 3419 982 3478 eese3
997 3398 1081 3463 unde
1096 3419 1154 3465 neo
1166 3402 1199 3464 in
1211 3419 1283 3464 enm
1294 3399 1426 3466 creden-

264 3502 339 3567 dum
354 3523 422 3567 esse
446 3503 499 3587 qui
519 3503 560 3565 sit
580 3502 761 3584 crucifixus,
780 3521 820 3565 ne
839 3504 909 3585 quis
925 3501 1110 3566 confiteatur
1128 3505 1162 3566 in
1176 3501 1339 3568 Simonem
1357 3525 1425 3570 cre·

263 3605 392 3670 didisse.
427 3604 575 3689 Martyria
589 3611 682 3688 negat
696 3625 765 3669 esse
781 3603 934 3669 facienda.
958 3605 1067 3668 Carnis
1079 3607 1341 3672 resurrectionem
1354 3628 1424 3692 gra·

262 3710 342 3774 viter
356 3709 530 3793 impugnet,
544 3728 662 3790 negans
677 3707 810 3772 salutem
825 3707 1005 3792 corporibus
1020 3709 1282 3792 reprommissam.

154 3827 205 3880 aaa
219 3828 245 3872 v.
324 3811 413 3877 Alter
427 3809 604 3874 haereticus
619 3807 765 3874 Nicolaus
781 3809 916 3874 emersit.
939 3810 998 3874 Hie
1014 3809 1053 3873 de
1068 3815 1190 3896 septem
1205 3809 1355 3894 Maeonis,
1367 3816 1424 3898 qui

261 3917 295 3980 in
309 3915 398 3980 Actis
412 3911 635 3998 Apostolorum
649 3911 753 3978 adecti
769 3918 853 3994 sunt,
868 3911 935 3976 fuit.
972 3911 1031 3976 Hic
1047 3909 1124 3977 dicit
1137 3913 1283 3994 tenebras
1298 3915 1332 3978 in
1347 3937 1422 3980 oon·

329 4066 392 4186 Gap.
405 4064 448 4119 lll.
461 4096 494 4106 -
513 4065 535 4118 l.
547 4027 728 4118 innascibilem
743 4067 856 4117 corrasit
866 4063 912 4116 Fr.
925 4065 1022 4118 Iunius.
1058 4064 1081 4116 0
1092 4105 1098 4118 .
1113 4065 1249 4117 Irenaeum
1260 4067 1329 4120 aas.
1340 4065 1422 4122 Beer.

261 4135 285 4188 1.
297 4134 344 4188 22.
381 4135 505 4188 baodoret.
516 4132 624 4187 Haeret.
637 4131 731 4186 Fabul.
743 4132 766 4188 I.
778 4131 804 4185 ³.
839 4131 863 4184 2.
876 4133 920 4185 Ita
933 4136 1045 4186 carram
1079 4133 1129 4188 ulo.
1146 4133 1259 4196 Ursinus,
1272 4145 1423 4188 consoson-

260 4221 306 4272 que
317 4207 414 4272 recepit
428 4203 513 4255 NiooI.
531 4201 668 4270 Aipuleios.
708 4201 786 4268 Vulgo
801 4201 944 4256 Medores.
995 4199 1020 4254 3.
1038 4201 1082 4254 Ita
1099 4207 1201 4256 correus*
1215 4205 1350 4256 secuudum
1367 4205 1422 4256 Ire·

260 4290 350 4323 coeam
362 4271 430 4325 Ado.
443 4269 525 4323 Haer.
538 4269 609 4325 122.
628 4269 810 4332 ,miserantem
821 4269 877 4322 eius
890 4269 999 4340 desuper
1010 4269 1147 4335 Virtutem,
1159 4271 1283 4340 quoniam
1294 4271 1323 4324 in
1334 4271 1422 4326 simili·

260 4339 376 4392 tudinem
388 4337 529 4392 eineiactus
540 4344 621 4403 esset,
637 4339 755 4392 emisisse
766 4338 907 4392 scintillam
917 4339 997 4403 ritae,
1009 4354 1075 4408 quae
1088 4339 1172 4392 erexit
1181 4337 1313 4394 homiuem
1325 4347 1353 4394 et
1363 4341 1422 4394 arti·

260 4408 356 4462 culavit
371 4413 397 4462 et
408 4408 494 4460 rivere
504 4407 590 4461 fecit.”
626 4407 703 4476 Volgo
715 4415 786 4460 artat
794 4406 933 4460 scintillam
945 4407 1044 4462 salvam
1056 4423 1122 4464 esse.

329 4475 390 4544 Cap.
403 4475 445 4529 IV.
458 4505 491 4516 —-
515 4475 537 4528 1.
553 4475 581 4528 iu
597 4473 722 4529 horrorem
739 4475 785 4528 Fr.
803 4474 900 4530 Iunior.
932 4475 1011 4544 Vulpo
1027 4474 1171 4530 inhonore.
1222 4475 1246 4531 2.
1259 4477 1299 4546 Cs.
1311 4477 1422 4532 Pseudo·

261 4541 410 4610 Hieronem
421 4543 534 4598 Iudicat.
547 4545 578 4596 de
589 4541 699 4597 Hrrerer.
711 4561 770 4612 cup.
783 4541 810 4598 2.
821 4545 854 4598 de
866 4541 1022 4598 Basilidas.
1071 4543 1098 4600 3.
1109 4545 1169 4600 Ale·
1179 4545 1240 4598 libro·
1251 4563 1267 4600 a
1277 4545 1387 4600 ludaei&
