<?xml version="1.0" encoding="UTF-8"?>
<!DOCTYPE html PUBLIC "-//W3C//DTD XHTML 1.0 Transitional//EN"
    "http://www.w3.org/TR/xhtml1/DTD/xhtml1-transitional.dtd">
<html xmlns="http://www.w3.org/1999/xhtml" xml:lang="en" lang="en">
 <head>
  <title>
</title>
<meta http-equiv="Content-Type" content="text/html;charset=utf-8" />
  <meta name='ocr-system' content='tesseract 3.04.00' />
  <meta name='ocr-capabilities' content='ocr_page ocr_carea ocr_par ocr_line ocrx_word'/>
</head>
<body>
  <div class='ocr_page' id='page_1' title='image "./corporishaerese04oehlgoog_0231.png"; bbox 0 0 3112 4986; ppageno 0'>
   <div class='ocr_carea' id='block_1_1' title="bbox 291 271 944 340">
    <p class='ocr_par' dir='ltr' id='par_1_1' title="bbox 291 271 944 340">
     <span class='ocr_line' id='line_1_1' title="bbox 291 271 944 340; baseline 0.003 -26"><span class='ocrx_word' id='word_1_1' title='bbox 291 273 353 340; x_wconf 72' lang='lat'><strong>208</strong></span> <span class='ocrx_word' id='word_1_2' title='bbox 792 271 944 316; x_wconf 61' lang='lat' dir='ltr'><strong>1001!ssssss</strong></span> 
     </span>
    </p>
   </div>
   <div class='ocr_carea' id='block_1_2' title="bbox 289 427 1454 1136">
    <p class='ocr_par' dir='ltr' id='par_1_2' title="bbox 289 427 1454 1136">
     <span class='ocr_line' id='line_1_2' title="bbox 292 427 1453 515; baseline 0 -21"><span class='ocrx_word' id='word_1_3' title='bbox 292 427 364 494; x_wconf 88' lang='lat' dir='ltr'><strong>dem</strong></span> <span class='ocrx_word' id='word_1_4' title='bbox 379 429 480 513; x_wconf 86' lang='lat' dir='ltr'><strong>gentis</strong></span> <span class='ocrx_word' id='word_1_5' title='bbox 495 428 655 511; x_wconf 85' lang='lat' dir='ltr'><strong>adversae,</strong></span> <span class='ocrx_word' id='word_1_6' title='bbox 671 435 703 493; x_wconf 92' lang='lat' dir='ltr'><strong>et</strong></span> <span class='ocrx_word' id='word_1_7' title='bbox 717 449 773 515; x_wconf 89' lang='lat' dir='ltr'><strong>per</strong></span> <span class='ocrx_word' id='word_1_8' title='bbox 787 429 869 494; x_wconf 85' lang='lat' dir='ltr'><strong>hunc</strong></span> <span class='ocrx_word' id='word_1_9' title='bbox 884 429 1066 496; x_wconf 76' lang='lat' dir='ltr'><strong>illecebram</strong></span> <span class='ocrx_word' id='word_1_10' title='bbox 1081 435 1237 495; x_wconf 86' lang='lat' dir='ltr'><strong>commota</strong></span> <span class='ocrx_word' id='word_1_11' title='bbox 1251 449 1359 495; x_wconf 88' lang='lat' dir='ltr'><strong>eornm</strong></span> <span class='ocrx_word' id='word_1_12' title='bbox 1374 449 1453 496; x_wconf 89' lang='lat' dir='ltr'><strong>con·</strong></span> 
     </span>
     <span class='ocr_line' id='line_1_3' title="bbox 292 531 1454 618; baseline 0.002 -22"><span class='ocrx_word' id='word_1_13' title='bbox 292 534 484 618; x_wconf 89' lang='lat' dir='ltr'><strong>cupiscentia</strong></span> <span class='ocrx_word' id='word_1_14' title='bbox 502 531 603 614; x_wconf 87' lang='lat' dir='ltr'><strong>fugiat</strong></span> <span class='ocrx_word' id='word_1_15' title='bbox 622 531 660 596; x_wconf 90' lang='lat' dir='ltr'><strong>de</strong></span> <span class='ocrx_word' id='word_1_16' title='bbox 681 531 743 596; x_wconf 94' lang='lat' dir='ltr'><strong>illis</strong></span> <span class='ocrx_word' id='word_1_17' title='bbox 764 533 871 597; x_wconf 90' lang='lat' dir='ltr'><strong>lumen</strong></span> <span class='ocrx_word' id='word_1_18' title='bbox 900 533 983 618; x_wconf 91' lang='lat' dir='ltr'><strong>quod</strong></span> <span class='ocrx_word' id='word_1_19' title='bbox 1002 533 1154 597; x_wconf 91' lang='lat' dir='ltr'><strong>membris</strong></span> <span class='ocrx_word' id='word_1_20' title='bbox 1175 535 1240 598; x_wconf 91' lang='lat' dir='ltr'><strong>suis</strong></span> <span class='ocrx_word' id='word_1_21' title='bbox 1260 534 1454 618; x_wconf 83' lang='lat' dir='ltr'><strong>permixtum</strong></span> 
     </span>
     <span class='ocr_line' id='line_1_4' title="bbox 291 634 1453 721; baseline 0.003 -23"><span class='ocrx_word' id='word_1_22' title='bbox 291 636 451 717; x_wconf 91' lang='lat' dir='ltr'><strong>tenebant,</strong></span> <span class='ocrx_word' id='word_1_23' title='bbox 467 640 499 699; x_wconf 91' lang='lat' dir='ltr'><strong>et</strong></span> <span class='ocrx_word' id='word_1_24' title='bbox 513 634 710 721; x_wconf 89' lang='lat' dir='ltr'><strong>purgandum</strong></span> <span class='ocrx_word' id='word_1_25' title='bbox 725 637 914 721; x_wconf 78' lang='lat' dir='ltr'><strong>suscipiatur</strong></span> <span class='ocrx_word' id='word_1_26' title='bbox 928 638 967 702; x_wconf 92' lang='lat' dir='ltr'><strong>ab</strong></span> <span class='ocrx_word' id='word_1_27' title='bbox 983 635 1102 719; x_wconf 87' lang='lat' dir='ltr'><strong>angelis</strong></span> <span class='ocrx_word' id='word_1_28' title='bbox 1117 635 1207 717; x_wconf 90' lang='lat' dir='ltr'><strong>lueis,</strong></span> <span class='ocrx_word' id='word_1_29' title='bbox 1223 643 1453 721; x_wconf 87' lang='lat' dir='ltr'><strong>purgatumque</strong></span> 
     </span>
     <span class='ocr_line' id='line_1_5' title="bbox 289 735 1453 824; baseline 0.003 -23"><span class='ocrx_word' id='word_1_30' title='bbox 289 737 352 802; x_wconf 89' lang='lat' dir='ltr'><strong>illis</strong></span> <span class='ocrx_word' id='word_1_31' title='bbox 367 738 500 803; x_wconf 87' lang='lat' dir='ltr'><strong>navibus</strong></span> <span class='ocrx_word' id='word_1_32' title='bbox 516 735 694 822; x_wconf 88' lang='lat' dir='ltr'><strong>imponatur</strong></span> <span class='ocrx_word' id='word_1_33' title='bbox 709 739 749 803; x_wconf 90' lang='lat' dir='ltr'><strong>ad</strong></span> <span class='ocrx_word' id='word_1_34' title='bbox 764 759 861 822; x_wconf 85' lang='lat' dir='ltr'><strong>regna</strong></span> <span class='ocrx_word' id='word_1_35' title='bbox 874 740 1000 824; x_wconf 90' lang='lat' dir='ltr'><strong>propria</strong></span> <span class='ocrx_word' id='word_1_36' title='bbox 1014 738 1246 824; x_wconf 90' lang='lat' dir='ltr'><strong>reportandum.</strong></span> <span class='ocrx_word' id='word_1_37' title='bbox 1277 739 1345 816; x_wconf 87' lang='lat' dir='ltr'><strong>Qua</strong></span> <span class='ocrx_word' id='word_1_38' title='bbox 1359 761 1453 804; x_wconf 85' lang='lat' dir='ltr'><strong>occa·</strong></span> 
     </span>
     <span class='ocr_line' id='line_1_6' title="bbox 290 840 1451 927; baseline 0.003 -23"><span class='ocrx_word' id='word_1_39' title='bbox 290 840 389 924; x_wconf 87' lang='lat' dir='ltr'><strong>sicne,</strong></span> <span class='ocrx_word' id='word_1_40' title='bbox 400 841 451 904; x_wconf 91' lang='lat' dir='ltr'><strong>vel</strong></span> <span class='ocrx_word' id='word_1_41' title='bbox 463 841 567 926; x_wconf 90' lang='lat' dir='ltr'><strong>potius</strong></span> <span class='ocrx_word' id='word_1_42' title='bbox 579 841 780 906; x_wconf 82' lang='lat' dir='ltr'><strong>exsecrabilis</strong></span> <span class='ocrx_word' id='word_1_43' title='bbox 792 845 1024 927; x_wconf 79' lang='lat' dir='ltr'><strong>superstitionis</strong></span> <span class='ocrx_word' id='word_1_44' title='bbox 1037 843 1173 925; x_wconf 88' lang='lat' dir='ltr'><strong>quadam</strong></span> <span class='ocrx_word' id='word_1_45' title='bbox 1184 844 1385 924; x_wconf 86' lang='lat' dir='ltr'><strong>necessitate,</strong></span> <span class='ocrx_word' id='word_1_46' title='bbox 1398 865 1451 907; x_wconf 92' lang='lat' dir='ltr'><strong>co·</strong></span> 
     </span>
     <span class='ocr_line' id='line_1_7' title="bbox 289 943 1452 1030; baseline 0.002 -22"><span class='ocrx_word' id='word_1_47' title='bbox 289 950 403 1027; x_wconf 88' lang='lat' dir='ltr'><strong>guntur</strong></span> <span class='ocrx_word' id='word_1_48' title='bbox 426 943 518 1009; x_wconf 87' lang='lat' dir='ltr'><strong>electi</strong></span> <span class='ocrx_word' id='word_1_49' title='bbox 540 965 647 1010; x_wconf 87' lang='lat' dir='ltr'><strong>eorum</strong></span> <span class='ocrx_word' id='word_1_50' title='bbox 668 944 755 1008; x_wconf 89' lang='lat' dir='ltr'><strong>velut</strong></span> <span class='ocrx_word' id='word_1_51' title='bbox 776 944 995 1010; x_wconf 88' lang='lat' dir='ltr'><strong>eucharistiam</strong></span> <span class='ocrx_word' id='word_1_52' title='bbox 1018 961 1220 1030; x_wconf 85' lang='lat' dir='ltr'><strong>conspersam</strong></span> <span class='ocrx_word' id='word_1_53' title='bbox 1243 965 1314 1010; x_wconf 93' lang='lat' dir='ltr'><strong>cum</strong></span> <span class='ocrx_word' id='word_1_54' title='bbox 1329 947 1452 1010; x_wconf 89' lang='lat' dir='ltr'><strong>semine</strong></span> 
     </span>
     <span class='ocr_line' id='line_1_8' title="bbox 289 1047 1452 1136; baseline 0.001 -25"><span class='ocrx_word' id='word_1_55' title='bbox 289 1047 425 1112; x_wconf 90' lang='lat' dir='ltr'><strong>humano</strong></span> <span class='ocrx_word' id='word_1_56' title='bbox 442 1067 575 1128; x_wconf 89' lang='lat' dir='ltr'><strong>sumere,</strong></span> <span class='ocrx_word' id='word_1_57' title='bbox 590 1055 626 1111; x_wconf 89' lang='lat' dir='ltr'><strong>ut</strong></span> <span class='ocrx_word' id='word_1_58' title='bbox 640 1050 735 1112; x_wconf 89' lang='lat' dir='ltr'><strong>etiam</strong></span> <span class='ocrx_word' id='word_1_59' title='bbox 749 1048 840 1130; x_wconf 91' lang='lat' dir='ltr'><strong>inde,</strong></span> <span class='ocrx_word' id='word_1_60' title='bbox 856 1050 938 1112; x_wconf 88' lang='lat' dir='ltr'><strong>sicut</strong></span> <span class='ocrx_word' id='word_1_61' title='bbox 953 1049 991 1112; x_wconf 91' lang='lat' dir='ltr'><strong>de</strong></span> <span class='ocrx_word' id='word_1_62' title='bbox 1007 1048 1077 1112; x_wconf 85' lang='lat' dir='ltr'><strong>aliie</strong></span> <span class='ocrx_word' id='word_1_63' title='bbox 1093 1049 1171 1114; x_wconf 83' lang='lat' dir='ltr'><strong>cibis</strong></span> <span class='ocrx_word' id='word_1_64' title='bbox 1188 1067 1265 1132; x_wconf 87' lang='lat' dir='ltr'><strong>quos</strong></span> <span class='ocrx_word' id='word_1_65' title='bbox 1280 1051 1452 1136; x_wconf 86' lang='lat' dir='ltr'><strong>accipiunt,</strong></span> 
     </span>
    </p>
   </div>
   <div class='ocr_carea' id='block_1_3' title="bbox 290 1149 1545 1236">
    <p class='ocr_par' dir='ltr' id='par_1_3' title="bbox 290 1149 1545 1236">
     <span class='ocr_line' id='line_1_9' title="bbox 290 1149 1545 1236; baseline 0 -22"><span class='ocrx_word' id='word_1_66' title='bbox 290 1151 467 1216; x_wconf 87' lang='lat' dir='ltr'><strong>substantia</strong></span> <span class='ocrx_word' id='word_1_67' title='bbox 480 1149 535 1214; x_wconf 90' lang='lat' dir='ltr'><strong>illa</strong></span> <span class='ocrx_word' id='word_1_68' title='bbox 551 1150 657 1215; x_wconf 87' lang='lat' dir='ltr'><strong>divina</strong></span> <span class='ocrx_word' id='word_1_69' title='bbox 673 1157 829 1236; x_wconf 82' lang='lat' dir='ltr'><strong>purgetur.</strong></span> <span class='ocrx_word' id='word_1_70' title='bbox 861 1149 924 1215; x_wconf 86' lang='lat' dir='ltr'><strong>Sed</strong></span> <span class='ocrx_word' id='word_1_71' title='bbox 939 1151 998 1216; x_wconf 89' lang='lat' dir='ltr'><strong>hoc</strong></span> <span class='ocrx_word' id='word_1_72' title='bbox 1014 1171 1048 1216; x_wconf 89' lang='lat' dir='ltr'><strong>sc</strong></span> <span class='ocrx_word' id='word_1_73' title='bbox 1064 1151 1167 1215; x_wconf 83' lang='lat' dir='ltr'><strong>facere</strong></span> <span class='ocrx_word' id='word_1_74' title='bbox 1182 1157 1309 1234; x_wconf 88' lang='lat' dir='ltr'><strong>negant,</strong></span> <span class='ocrx_word' id='word_1_75' title='bbox 1325 1159 1358 1216; x_wconf 92' lang='lat' dir='ltr'><strong>et</strong></span> <span class='ocrx_word' id='word_1_76' title='bbox 1372 1151 1451 1215; x_wconf 84' lang='lat' dir='ltr'><strong>alios</strong></span> <span class='ocrx_word' id='word_1_77' title='bbox 1542 1225 1545 1235; x_wconf 19' lang='grc' dir='ltr'><strong>Α</strong></span> 
     </span>
    </p>
   </div>
   <div class='ocr_carea' id='block_1_4' title="bbox 210 1253 1550 4411">
    <p class='ocr_par' dir='ltr' id='par_1_4' title="bbox 210 1253 1550 4020">
     <span class='ocr_line' id='line_1_10' title="bbox 288 1253 1451 1338; baseline -0.001 -20"><span class='ocrx_word' id='word_1_78' title='bbox 288 1254 394 1319; x_wconf 91' lang='lat' dir='ltr'><strong>neseio</strong></span> <span class='ocrx_word' id='word_1_79' title='bbox 417 1273 493 1338; x_wconf 92' lang='lat' dir='ltr'><strong>quos</strong></span> <span class='ocrx_word' id='word_1_80' title='bbox 515 1253 572 1318; x_wconf 92' lang='lat' dir='ltr'><strong>sub</strong></span> <span class='ocrx_word' id='word_1_81' title='bbox 593 1253 719 1318; x_wconf 90' lang='lat' dir='ltr'><strong>nomine</strong></span> <span class='ocrx_word' id='word_1_82' title='bbox 735 1253 989 1318; x_wconf 80' lang='lat' dir='ltr'><strong>Manichaeorum</strong></span> <span class='ocrx_word' id='word_1_83' title='bbox 1003 1255 1106 1318; x_wconf 86' lang='lat' dir='ltr'><strong>lacere</strong></span> <span class='ocrx_word' id='word_1_84' title='bbox 1122 1255 1288 1318; x_wconf 86' lang='lat' dir='ltr'><strong>affirmant</strong></span> <span class='ocrx_word' id='word_1_85' title='bbox 1325 1254 1451 1318; x_wconf 88' lang='lat' dir='ltr'><strong>Detecti</strong></span> 
     </span>
     <span class='ocr_line' id='line_1_11' title="bbox 290 1347 1452 1442; baseline -0.001 -21"><span class='ocrx_word' id='word_1_86' title='bbox 290 1363 363 1421; x_wconf 84' lang='lat' dir='ltr'><strong>sunt</strong></span> <span class='ocrx_word' id='word_1_87' title='bbox 376 1362 484 1420; x_wconf 89' lang='lat' dir='ltr'><strong>tamen</strong></span> <span class='ocrx_word' id='word_1_88' title='bbox 499 1357 532 1420; x_wconf 92' lang='lat' dir='ltr'><strong>in</strong></span> <span class='ocrx_word' id='word_1_89' title='bbox 548 1355 697 1438; x_wconf 89' lang='lat' dir='ltr'><strong>ecelesia,</strong></span> <span class='ocrx_word' id='word_1_90' title='bbox 716 1357 799 1422; x_wconf 87' lang='lat' dir='ltr'><strong>siout</strong></span> <span class='ocrx_word' id='word_1_91' title='bbox 817 1357 879 1422; x_wconf 91' lang='lat' dir='ltr'><strong>scis</strong></span> <span class='ocrx_word' id='word_1_92' title='bbox 900 1357 1001 1442; x_wconf 88' lang='lat' dir='ltr'><strong>⁴apud</strong></span> <span class='ocrx_word' id='word_1_93' title='bbox 1011 1347 1258 1440; x_wconf 58' lang='lat' dir='ltr'><strong>&#39;Carthaginem</strong></span> <span class='ocrx_word' id='word_1_94' title='bbox 1278 1359 1343 1422; x_wconf 89' lang='lat' dir='ltr'><strong>iam</strong></span> <span class='ocrx_word' id='word_1_95' title='bbox 1357 1364 1389 1420; x_wconf 92' lang='lat' dir='ltr'><strong>te</strong></span> <span class='ocrx_word' id='word_1_96' title='bbox 1405 1357 1452 1422; x_wconf 92' lang='lat' dir='ltr'><strong>ibi</strong></span> 
     </span>
     <span class='ocr_line' id='line_1_12' title="bbox 289 1457 1450 1544; baseline -0.001 -20"><span class='ocrx_word' id='word_1_97' title='bbox 289 1459 420 1524; x_wconf 80' lang='lat' dir='ltr'><strong>diacono</strong></span> <span class='ocrx_word' id='word_1_98' title='bbox 438 1461 622 1540; x_wconf 90' lang='lat' dir='ltr'><strong>constituto,</strong></span> <span class='ocrx_word' id='word_1_99' title='bbox 638 1459 762 1543; x_wconf 87' lang='lat' dir='ltr'><strong>quando</strong></span> <span class='ocrx_word' id='word_1_100' title='bbox 776 1460 915 1524; x_wconf 87' lang='lat' dir='ltr'><strong>instante</strong></span> <span class='ocrx_word' id='word_1_101' title='bbox 931 1457 1010 1524; x_wconf 90' lang='lat' dir='ltr'><strong>Urso</strong></span> <span class='ocrx_word' id='word_1_102' title='bbox 1026 1461 1168 1542; x_wconf 91' lang='lat' dir='ltr'><strong>tribuno,</strong></span> <span class='ocrx_word' id='word_1_103' title='bbox 1183 1463 1236 1544; x_wconf 91' lang='lat' dir='ltr'><strong>qni</strong></span> <span class='ocrx_word' id='word_1_104' title='bbox 1252 1467 1327 1524; x_wconf 91' lang='lat' dir='ltr'><strong>tunc</strong></span> <span class='ocrx_word' id='word_1_105' title='bbox 1343 1459 1450 1526; x_wconf 90' lang='lat' dir='ltr'><strong>domui</strong></span> 
     </span>
     <span class='ocr_line' id='line_1_13' title="bbox 288 1561 1451 1648; baseline -0.001 -21"><span class='ocrx_word' id='word_1_106' title='bbox 288 1565 390 1645; x_wconf 87' lang='lat' dir='ltr'><strong>regiae</strong></span> <span class='ocrx_word' id='word_1_107' title='bbox 406 1563 555 1647; x_wconf 83' lang='lat' dir='ltr'><strong>praefuit,</strong></span> <span class='ocrx_word' id='word_1_108' title='bbox 569 1563 667 1646; x_wconf 90' lang='lat' dir='ltr'><strong>aliqui</strong></span> <span class='ocrx_word' id='word_1_109' title='bbox 683 1561 810 1628; x_wconf 88' lang='lat' dir='ltr'><strong>adducti</strong></span> <span class='ocrx_word' id='word_1_110' title='bbox 825 1570 908 1627; x_wconf 90' lang='lat' dir='ltr'><strong>sunt.</strong></span> <span class='ocrx_word' id='word_1_111' title='bbox 945 1561 1007 1628; x_wconf 93' lang='lat' dir='ltr'><strong>Ubi</strong></span> <span class='ocrx_word' id='word_1_112' title='bbox 1022 1563 1127 1648; x_wconf 90' lang='lat' dir='ltr'><strong>puella</strong></span> <span class='ocrx_word' id='word_1_113' title='bbox 1142 1563 1267 1628; x_wconf 92' lang='lat' dir='ltr'><strong>nomine</strong></span> <span class='ocrx_word' id='word_1_114' title='bbox 1283 1563 1451 1646; x_wconf 81' lang='lat' dir='ltr'><strong>Margarita</strong></span> 
     </span>
     <span class='ocr_line' id='line_1_14' title="bbox 287 1665 1450 1758; baseline -0.001 -28"><span class='ocrx_word' id='word_1_115' title='bbox 287 1665 381 1730; x_wconf 90' lang='lat' dir='ltr'><strong>istam</strong></span> <span class='ocrx_word' id='word_1_116' title='bbox 395 1666 548 1730; x_wconf 80' lang='lat' dir='ltr'><strong>nefariam</strong></span> <span class='ocrx_word' id='word_1_117' title='bbox 571 1665 797 1751; x_wconf 88' lang='lat' dir='ltr'><strong>turpitudinem</strong></span> <span class='ocrx_word' id='word_1_118' title='bbox 819 1665 970 1752; x_wconf 84' lang='lat' dir='ltr'><strong>prodidit,</strong></span> <span class='ocrx_word' id='word_1_119' title='bbox 994 1685 1072 1749; x_wconf 90' lang='lat' dir='ltr'><strong>quae</strong></span> <span class='ocrx_word' id='word_1_120' title='bbox 1096 1687 1167 1730; x_wconf 93' lang='lat' dir='ltr'><strong>cum</strong></span> <span class='ocrx_word' id='word_1_121' title='bbox 1190 1672 1275 1730; x_wconf 91' lang='lat' dir='ltr'><strong>esset</strong></span> <span class='ocrx_word' id='word_1_122' title='bbox 1295 1685 1450 1758; x_wconf 78' lang='lat' dir='ltr'><strong>annerum</strong></span> 
     </span>
     <span class='ocr_line' id='line_1_15' title="bbox 288 1767 1450 1854; baseline -0.002 -20"><span class='ocrx_word' id='word_1_123' title='bbox 288 1770 427 1834; x_wconf 92' lang='lat' dir='ltr'><strong>nondum</strong></span> <span class='ocrx_word' id='word_1_124' title='bbox 448 1767 627 1849; x_wconf 90' lang='lat' dir='ltr'><strong>duodecim,</strong></span> <span class='ocrx_word' id='word_1_125' title='bbox 648 1776 774 1854; x_wconf 89' lang='lat' dir='ltr'><strong>propter</strong></span> <span class='ocrx_word' id='word_1_126' title='bbox 794 1768 853 1834; x_wconf 90' lang='lat' dir='ltr'><strong>hoo</strong></span> <span class='ocrx_word' id='word_1_127' title='bbox 875 1768 1044 1833; x_wconf 89' lang='lat' dir='ltr'><strong>scelestum</strong></span> <span class='ocrx_word' id='word_1_128' title='bbox 1063 1773 1248 1853; x_wconf 82' lang='lat' dir='ltr'><strong>mysterium</strong></span> <span class='ocrx_word' id='word_1_129' title='bbox 1268 1790 1302 1833; x_wconf 91' lang='lat' dir='ltr'><strong>se</strong></span> <span class='ocrx_word' id='word_1_130' title='bbox 1323 1768 1450 1834; x_wconf 89' lang='lat' dir='ltr'><strong>dicebat</strong></span> 
     </span>
     <span class='ocr_line' id='line_1_16' title="bbox 288 1871 1448 1956; baseline -0.002 -18"><span class='ocrx_word' id='word_1_131' title='bbox 288 1893 357 1938; x_wconf 84' lang='lat' dir='ltr'><strong>esse</strong></span> <span class='ocrx_word' id='word_1_132' title='bbox 372 1873 539 1936; x_wconf 70' lang='lat' dir='ltr'><strong>⁵vitiatam.</strong></span> <span class='ocrx_word' id='word_1_133' title='bbox 578 1871 666 1936; x_wconf 89' lang='lat' dir='ltr'><strong>Tunc</strong></span> <span class='ocrx_word' id='word_1_134' title='bbox 681 1871 851 1936; x_wconf 84' lang='lat' dir='ltr'><strong>Eusebium</strong></span> <span class='ocrx_word' id='word_1_135' title='bbox 866 1871 1023 1955; x_wconf 88' lang='lat' dir='ltr'><strong>quandam</strong></span> <span class='ocrx_word' id='word_1_136' title='bbox 1038 1872 1253 1938; x_wconf 89' lang='lat' dir='ltr'><strong>Manichaeam</strong></span> <span class='ocrx_word' id='word_1_137' title='bbox 1269 1875 1358 1956; x_wconf 85' lang='lat' dir='ltr'><strong>quasi</strong></span> <span class='ocrx_word' id='word_1_138' title='bbox 1373 1891 1448 1936; x_wconf 86' lang='lat' dir='ltr'><strong>san·</strong></span> 
     </span>
     <span class='ocr_line' id='line_1_17' title="bbox 288 1974 1443 2060; baseline -0.001 -19"><span class='ocrx_word' id='word_1_139' title='bbox 288 1975 508 2057; x_wconf 91' lang='lat' dir='ltr'><strong>ctimcnialcm,</strong></span> <span class='ocrx_word' id='word_1_140' title='bbox 522 1974 659 2059; x_wconf 89' lang='lat' dir='ltr'><strong>idipsum</strong></span> <span class='ocrx_word' id='word_1_141' title='bbox 670 1980 797 2060; x_wconf 91' lang='lat' dir='ltr'><strong>propter</strong></span> <span class='ocrx_word' id='word_1_142' title='bbox 808 1974 866 2039; x_wconf 94' lang='lat' dir='ltr'><strong>hoc</strong></span> <span class='ocrx_word' id='word_1_143' title='bbox 878 1977 981 2060; x_wconf 92' lang='lat' dir='ltr'><strong>ipsum</strong></span> <span class='ocrx_word' id='word_1_144' title='bbox 993 1995 1129 2060; x_wconf 88' lang='lat' dir='ltr'><strong>passam,</strong></span> <span class='ocrx_word' id='word_1_145' title='bbox 1144 1977 1196 2038; x_wconf 77' lang='lat' dir='ltr'><strong>vir</strong></span> <span class='ocrx_word' id='word_1_146' title='bbox 1208 1975 1360 2060; x_wconf 88' lang='lat' dir='ltr'><strong>compulit</strong></span> <span class='ocrx_word' id='word_1_147' title='bbox 1371 1995 1443 2040; x_wconf 91' lang='lat' dir='ltr'><strong>con·</strong></span> 
     </span>
     <span class='ocr_line' id='line_1_18' title="bbox 287 2073 1448 2164; baseline -0.003 -20"><span class='ocrx_word' id='word_1_148' title='bbox 287 2080 378 2161; x_wconf 84' lang='lat' dir='ltr'><strong>litari,</strong></span> <span class='ocrx_word' id='word_1_149' title='bbox 395 2073 466 2143; x_wconf 82' lang='lat' dir='ltr'><strong>cnm</strong></span> <span class='ocrx_word' id='word_1_150' title='bbox 480 2079 581 2164; x_wconf 91' lang='lat' dir='ltr'><strong>primo</strong></span> <span class='ocrx_word' id='word_1_151' title='bbox 596 2077 651 2141; x_wconf 89' lang='lat' dir='ltr'><strong>illa</strong></span> <span class='ocrx_word' id='word_1_152' title='bbox 666 2098 700 2142; x_wconf 88' lang='lat' dir='ltr'><strong>se</strong></span> <span class='ocrx_word' id='word_1_153' title='bbox 715 2079 903 2144; x_wconf 86' lang='lat' dir='ltr'><strong>asseruisset</strong></span> <span class='ocrx_word' id='word_1_154' title='bbox 917 2080 1087 2160; x_wconf 85' lang='lat' dir='ltr'><strong>integram,</strong></span> <span class='ocrx_word' id='word_1_155' title='bbox 1106 2084 1200 2162; x_wconf 89' lang='lat' dir='ltr'><strong>atque</strong></span> <span class='ocrx_word' id='word_1_156' title='bbox 1222 2078 1261 2142; x_wconf 89' lang='lat' dir='ltr'><strong>ab</strong></span> <span class='ocrx_word' id='word_1_157' title='bbox 1278 2079 1448 2142; x_wconf 87' lang='lat' dir='ltr'><strong>obstetrice</strong></span> 
     </span>
     <span class='ocr_line' id='line_1_19' title="bbox 286 2179 1449 2268; baseline -0.001 -22"><span class='ocrx_word' id='word_1_158' title='bbox 286 2181 401 2268; x_wconf 89' lang='lat' dir='ltr'><strong>inspici</strong></span> <span class='ocrx_word' id='word_1_159' title='bbox 415 2179 619 2266; x_wconf 86' lang='lat' dir='ltr'><strong>postulasset:</strong></span> <span class='ocrx_word' id='word_1_160' title='bbox 637 2201 715 2264; x_wconf 89' lang='lat' dir='ltr'><strong>quae</strong></span> <span class='ocrx_word' id='word_1_161' title='bbox 730 2183 874 2265; x_wconf 85' lang='lat' dir='ltr'><strong>inspecte</strong></span> <span class='ocrx_word' id='word_1_162' title='bbox 889 2187 920 2244; x_wconf 91' lang='lat' dir='ltr'><strong>et</strong></span> <span class='ocrx_word' id='word_1_163' title='bbox 935 2180 1010 2264; x_wconf 92' lang='lat' dir='ltr'><strong>quid</strong></span> <span class='ocrx_word' id='word_1_164' title='bbox 1023 2187 1106 2244; x_wconf 89' lang='lat' dir='ltr'><strong>esset</strong></span> <span class='ocrx_word' id='word_1_165' title='bbox 1117 2184 1245 2245; x_wconf 87' lang='lat' dir='ltr'><strong>invente</strong></span> <span class='ocrx_word' id='word_1_166' title='bbox 1256 2186 1357 2245; x_wconf 89' lang='lat' dir='ltr'><strong>totum</strong></span> <span class='ocrx_word' id='word_1_167' title='bbox 1369 2179 1449 2245; x_wconf 90' lang='lat' dir='ltr'><strong>illud</strong></span> 
     </span>
     <span class='ocr_line' id='line_1_20' title="bbox 285 2283 1550 2372; baseline 0 -24"><span class='ocrx_word' id='word_1_168' title='bbox 285 2286 500 2372; x_wconf 87' lang='lat' dir='ltr'><strong>turpissimum</strong></span> <span class='ocrx_word' id='word_1_169' title='bbox 521 2283 639 2365; x_wconf 86' lang='lat' dir='ltr'><strong>scelus,</strong></span> <span class='ocrx_word' id='word_1_170' title='bbox 657 2283 713 2347; x_wconf 91' lang='lat' dir='ltr'><strong>nbi</strong></span> <span class='ocrx_word' id='word_1_171' title='bbox 733 2283 774 2347; x_wconf 90' lang='lat' dir='ltr'><strong>ad</strong></span> <span class='ocrx_word' id='word_1_172' title='bbox 794 2283 1012 2368; x_wconf 81' lang='lat' dir='ltr'><strong>excipiendum</strong></span> <span class='ocrx_word' id='word_1_173' title='bbox 1034 2291 1065 2348; x_wconf 85' lang='lat' dir='ltr'><strong>et</strong></span> <span class='ocrx_word' id='word_1_174' title='bbox 1086 2283 1353 2349; x_wconf 88' lang='lat' dir='ltr'><strong>commiscendum</strong></span> <span class='ocrx_word' id='word_1_175' title='bbox 1372 2305 1447 2348; x_wconf 91' lang='lat' dir='ltr'><strong>eon·</strong></span> <span class='ocrx_word' id='word_1_176' title='bbox 1549 2367 1550 2370; x_wconf 8' lang='grc' dir='ltr'><strong>Ἴ</strong></span> 
     </span>
     <span class='ocr_line' id='line_1_21' title="bbox 288 2375 1550 2470; baseline -0.003 -17"><span class='ocrx_word' id='word_1_177' title='bbox 288 2387 499 2453; x_wconf 89' lang='lat' dir='ltr'><strong>cumbentium</strong></span> <span class='ocrx_word' id='word_1_178' title='bbox 516 2407 622 2451; x_wconf 88' lang='lat' dir='ltr'><strong>semen</strong></span> <span class='ocrx_word' id='word_1_179' title='bbox 640 2386 741 2452; x_wconf 85' lang='lat' dir='ltr'><strong>lerina</strong></span> <span class='ocrx_word' id='word_1_180' title='bbox 756 2386 980 2470; x_wconf 86' lang='lat' dir='ltr'><strong>substernitur,</strong></span> <span class='ocrx_word' id='word_1_181' title='bbox 1002 2387 1083 2470; x_wconf 87' lang='lat' dir='ltr'><strong>quod</strong></span> <span class='ocrx_word' id='word_1_182' title='bbox 1099 2387 1267 2470; x_wconf 84' lang='lat' dir='ltr'><strong>Margarita</strong></span> <span class='ocrx_word' id='word_1_183' title='bbox 1286 2387 1447 2452; x_wconf 92' lang='lat' dir='ltr'><strong>indicante</strong></span> <span class='ocrx_word' id='word_1_184' title='bbox 1549 2375 1550 2386; x_wconf 44' lang='lat'>¹</span> 
     </span>
     <span class='ocr_line' id='line_1_22' title="bbox 286 2488 1446 2576; baseline -0.003 -19"><span class='ocrx_word' id='word_1_185' title='bbox 286 2492 400 2557; x_wconf 89' lang='lat' dir='ltr'><strong>absens</strong></span> <span class='ocrx_word' id='word_1_186' title='bbox 415 2511 478 2556; x_wconf 93' lang='lat' dir='ltr'><strong>non</strong></span> <span class='ocrx_word' id='word_1_187' title='bbox 494 2490 644 2571; x_wconf 90' lang='lat' dir='ltr'><strong>audierat,</strong></span> <span class='ocrx_word' id='word_1_188' title='bbox 660 2488 804 2553; x_wconf 88' lang='lat' dir='ltr'><strong>similiter</strong></span> <span class='ocrx_word' id='word_1_189' title='bbox 817 2490 978 2555; x_wconf 86' lang='lat' dir='ltr'><strong>indicavit.</strong></span> <span class='ocrx_word' id='word_1_190' title='bbox 1014 2489 1053 2554; x_wconf 85' lang='lat' dir='ltr'><strong>Et</strong></span> <span class='ocrx_word' id='word_1_191' title='bbox 1067 2493 1191 2555; x_wconf 88' lang='lat' dir='ltr'><strong>recenti</strong></span> <span class='ocrx_word' id='word_1_192' title='bbox 1209 2495 1350 2576; x_wconf 89' lang='lat' dir='ltr'><strong>tempore</strong></span> <span class='ocrx_word' id='word_1_193' title='bbox 1366 2511 1446 2555; x_wconf 90' lang='lat' dir='ltr'><strong>non·</strong></span> 
     </span>
     <span class='ocr_line' id='line_1_23' title="bbox 286 2591 1509 2678; baseline -0.003 -18"><span class='ocrx_word' id='word_1_194' title='bbox 286 2595 364 2662; x_wconf 91' lang='lat' dir='ltr'><strong>nulli</strong></span> <span class='ocrx_word' id='word_1_195' title='bbox 379 2615 486 2660; x_wconf 91' lang='lat' dir='ltr'><strong>eorum</strong></span> <span class='ocrx_word' id='word_1_196' title='bbox 502 2595 617 2678; x_wconf 90' lang='lat' dir='ltr'><strong>reperti</strong></span> <span class='ocrx_word' id='word_1_197' title='bbox 638 2599 670 2656; x_wconf 88' lang='lat' dir='ltr'><strong>et</strong></span> <span class='ocrx_word' id='word_1_198' title='bbox 689 2591 729 2656; x_wconf 90' lang='lat' dir='ltr'><strong>ad</strong></span> <span class='ocrx_word' id='word_1_199' title='bbox 744 2592 909 2658; x_wconf 90' lang='lat' dir='ltr'><strong>ecclesiam</strong></span> <span class='ocrx_word' id='word_1_200' title='bbox 926 2594 1026 2675; x_wconf 90' lang='lat' dir='ltr'><strong>ducti,</strong></span> <span class='ocrx_word' id='word_1_201' title='bbox 1046 2596 1128 2658; x_wconf 89' lang='lat' dir='ltr'><strong>sicut</strong></span> <span class='ocrx_word' id='word_1_202' title='bbox 1148 2599 1236 2677; x_wconf 87' lang='lat' dir='ltr'><strong>gesta</strong></span> <span class='ocrx_word' id='word_1_203' title='bbox 1255 2591 1446 2678; x_wconf 84' lang='lat' dir='ltr'><strong>episcopalia</strong></span> <span class='ocrx_word' id='word_1_204' title='bbox 1503 2655 1509 2664; x_wconf 87' lang='grc'>,</span> 
     </span>
     <span class='ocr_line' id='line_1_24' title="bbox 287 2695 1443 2783; baseline -0.003 -20"><span class='ocrx_word' id='word_1_205' title='bbox 287 2719 365 2783; x_wconf 89' lang='lat' dir='ltr'><strong>qnae</strong></span> <span class='ocrx_word' id='word_1_206' title='bbox 381 2697 471 2762; x_wconf 89' lang='lat' dir='ltr'><strong>nobis</strong></span> <span class='ocrx_word' id='word_1_207' title='bbox 486 2699 602 2783; x_wconf 86' lang='lat' dir='ltr'><strong>misisti</strong></span> <span class='ocrx_word' id='word_1_208' title='bbox 617 2695 802 2778; x_wconf 91' lang='lat' dir='ltr'><strong>ostendunt,</strong></span> <span class='ocrx_word' id='word_1_209' title='bbox 816 2695 875 2761; x_wconf 88' lang='lat' dir='ltr'><strong>hoo</strong></span> <span class='ocrx_word' id='word_1_210' title='bbox 890 2715 954 2762; x_wconf 91' lang='lat' dir='ltr'><strong>non</strong></span> <span class='ocrx_word' id='word_1_211' title='bbox 969 2702 1211 2779; x_wconf 88' lang='lat' dir='ltr'><strong>sacramentum,</strong></span> <span class='ocrx_word' id='word_1_212' title='bbox 1227 2695 1283 2760; x_wconf 87' lang='lat' dir='ltr'><strong>sed</strong></span> <span class='ocrx_word' id='word_1_213' title='bbox 1299 2717 1443 2762; x_wconf 82' lang='lat' dir='ltr'><strong>exsecra·</strong></span> 
     </span>
     <span class='ocr_line' id='line_1_25' title="bbox 286 2797 1444 2884; baseline -0.004 -17"><span class='ocrx_word' id='word_1_214' title='bbox 286 2807 443 2883; x_wconf 91' lang='lat' dir='ltr'><strong>mentum,</strong></span> <span class='ocrx_word' id='word_1_215' title='bbox 459 2801 517 2864; x_wconf 89' lang='lat' dir='ltr'><strong>sub</strong></span> <span class='ocrx_word' id='word_1_216' title='bbox 528 2797 675 2882; x_wconf 69' lang='lat' dir='ltr'><strong>&#39;diligenti</strong></span> <span class='ocrx_word' id='word_1_217' title='bbox 690 2798 934 2883; x_wconf 88' lang='lat' dir='ltr'><strong>interrogatione</strong></span> <span class='ocrx_word' id='word_1_218' title='bbox 951 2800 1190 2865; x_wconf 86' lang='lat' dir='ltr'><strong>confessisunt:</strong></span> <span class='ocrx_word' id='word_1_219' title='bbox 1206 2819 1338 2884; x_wconf 87' lang='lat' dir='ltr'><strong>quorum</strong></span> <span class='ocrx_word' id='word_1_220' title='bbox 1353 2819 1444 2877; x_wconf 90' lang='lat' dir='ltr'><strong>nnus,</strong></span> 
     </span>
     <span class='ocr_line' id='line_1_26' title="bbox 285 2901 1443 2988; baseline -0.003 -20"><span class='ocrx_word' id='word_1_221' title='bbox 285 2907 412 2970; x_wconf 92' lang='lat' dir='ltr'><strong>nomine</strong></span> <span class='ocrx_word' id='word_1_222' title='bbox 427 2905 549 2984; x_wconf 89' lang='lat' dir='ltr'><strong>Viator,</strong></span> <span class='ocrx_word' id='word_1_223' title='bbox 565 2923 618 2967; x_wconf 90' lang='lat' dir='ltr'><strong>eos</strong></span> <span class='ocrx_word' id='word_1_224' title='bbox 634 2904 686 2985; x_wconf 90' lang='lat' dir='ltr'><strong>qni</strong></span> <span class='ocrx_word' id='word_1_225' title='bbox 701 2905 763 2966; x_wconf 91' lang='lat' dir='ltr'><strong>ista</strong></span> <span class='ocrx_word' id='word_1_226' title='bbox 777 2904 898 2966; x_wconf 81' lang='lat' dir='ltr'><strong>iaciunt</strong></span> <span class='ocrx_word' id='word_1_227' title='bbox 911 2905 1036 2988; x_wconf 89' lang='lat' dir='ltr'><strong>proprie</strong></span> <span class='ocrx_word' id='word_1_228' title='bbox 1050 2902 1260 2966; x_wconf 82' lang='lat' dir='ltr'><strong>⁶Catharistas</strong></span> <span class='ocrx_word' id='word_1_229' title='bbox 1274 2905 1381 2967; x_wconf 82' lang='lat' dir='ltr'><strong>vocari</strong></span> <span class='ocrx_word' id='word_1_230' title='bbox 1396 2901 1443 2968; x_wconf 89' lang='lat' dir='ltr'><strong>di·</strong></span> 
     </span>
     <span class='ocr_line' id='line_1_27' title="bbox 285 3005 1444 3091; baseline -0.003 -20"><span class='ocrx_word' id='word_1_231' title='bbox 285 3027 375 3089; x_wconf 90' lang='lat' dir='ltr'><strong>cens,</strong></span> <span class='ocrx_word' id='word_1_232' title='bbox 396 3011 467 3070; x_wconf 85' lang='lat' dir='ltr'><strong>cuni</strong></span> <span class='ocrx_word' id='word_1_233' title='bbox 486 3005 563 3070; x_wconf 91' lang='lat' dir='ltr'><strong>alias</strong></span> <span class='ocrx_word' id='word_1_234' title='bbox 580 3005 719 3070; x_wconf 89' lang='lat' dir='ltr'><strong>eiusdem</strong></span> <span class='ocrx_word' id='word_1_235' title='bbox 739 3006 941 3072; x_wconf 83' lang='lat' dir='ltr'><strong>Manichacus</strong></span> <span class='ocrx_word' id='word_1_236' title='bbox 961 3011 1066 3070; x_wconf 88' lang='lat' dir='ltr'><strong>sectae</strong></span> <span class='ocrx_word' id='word_1_237' title='bbox 1085 3011 1190 3091; x_wconf 87' lang='lat' dir='ltr'><strong>partes</strong></span> <span class='ocrx_word' id='word_1_238' title='bbox 1211 3009 1244 3070; x_wconf 91' lang='lat' dir='ltr'><strong>in</strong></span> <span class='ocrx_word' id='word_1_239' title='bbox 1263 3005 1444 3070; x_wconf 79' lang='lat' dir='ltr'><strong>⁷Mauarios</strong></span> 
     </span>
     <span class='ocr_line' id='line_1_28' title="bbox 285 3107 1444 3195; baseline -0.002 -21"><span class='ocrx_word' id='word_1_240' title='bbox 285 3115 317 3174; x_wconf 93' lang='lat' dir='ltr'><strong>et</strong></span> <span class='ocrx_word' id='word_1_241' title='bbox 337 3109 515 3195; x_wconf 89' lang='lat' dir='ltr'><strong>specialiter</strong></span> <span class='ocrx_word' id='word_1_242' title='bbox 534 3107 731 3173; x_wconf 88' lang='lat' dir='ltr'><strong>Manichaeos</strong></span> <span class='ocrx_word' id='word_1_243' title='bbox 753 3107 898 3174; x_wconf 90' lang='lat' dir='ltr'><strong>distribui</strong></span> <span class='ocrx_word' id='word_1_244' title='bbox 919 3109 1111 3194; x_wconf 86' lang='lat' dir='ltr'><strong>perhiberet,</strong></span> <span class='ocrx_word' id='word_1_245' title='bbox 1131 3129 1239 3173; x_wconf 87' lang='lat' dir='ltr'><strong>omnes</strong></span> <span class='ocrx_word' id='word_1_246' title='bbox 1259 3115 1368 3172; x_wconf 86' lang='lat' dir='ltr'><strong>tamen</strong></span> <span class='ocrx_word' id='word_1_247' title='bbox 1388 3109 1444 3173; x_wconf 85' lang='lat' dir='ltr'><strong>has</strong></span> 
     </span>
     <span class='ocr_line' id='line_1_29' title="bbox 284 3211 1443 3297; baseline 0 -21"><span class='ocrx_word' id='word_1_248' title='bbox 284 3219 348 3276; x_wconf 88' lang='lat' dir='ltr'><strong>tres</strong></span> <span class='ocrx_word' id='word_1_249' title='bbox 363 3213 478 3277; x_wconf 83' lang='lat' dir='ltr'><strong>formas</strong></span> <span class='ocrx_word' id='word_1_250' title='bbox 494 3211 533 3276; x_wconf 91' lang='lat' dir='ltr'><strong>ab</strong></span> <span class='ocrx_word' id='word_1_251' title='bbox 549 3231 611 3276; x_wconf 92' lang='lat' dir='ltr'><strong>uno</strong></span> <span class='ocrx_word' id='word_1_252' title='bbox 627 3219 752 3276; x_wconf 89' lang='lat' dir='ltr'><strong>auctore</strong></span> <span class='ocrx_word' id='word_1_253' title='bbox 767 3218 964 3297; x_wconf 86' lang='lat' dir='ltr'><strong>propagatas,</strong></span> <span class='ocrx_word' id='word_1_254' title='bbox 979 3218 1011 3276; x_wconf 90' lang='lat' dir='ltr'><strong>et</strong></span> <span class='ocrx_word' id='word_1_255' title='bbox 1025 3233 1134 3277; x_wconf 91' lang='lat' dir='ltr'><strong>omnes</strong></span> <span class='ocrx_word' id='word_1_256' title='bbox 1145 3211 1331 3296; x_wconf 88' lang='lat' dir='ltr'><strong>generaliter</strong></span> <span class='ocrx_word' id='word_1_257' title='bbox 1342 3211 1443 3276; x_wconf 89' lang='lat' dir='ltr'><strong>Mani-</strong></span> 
     </span>
     <span class='ocr_line' id='line_1_30' title="bbox 285 3314 1443 3401; baseline -0.003 -19"><span class='ocrx_word' id='word_1_258' title='bbox 285 3315 397 3382; x_wconf 86' lang='lat' dir='ltr'><strong>chaeos</strong></span> <span class='ocrx_word' id='word_1_259' title='bbox 410 3335 479 3379; x_wconf 88' lang='lat' dir='ltr'><strong>esse</strong></span> <span class='ocrx_word' id='word_1_260' title='bbox 492 3332 605 3398; x_wconf 88' lang='lat' dir='ltr'><strong>negare</strong></span> <span class='ocrx_word' id='word_1_261' title='bbox 617 3335 680 3380; x_wconf 92' lang='lat' dir='ltr'><strong>non</strong></span> <span class='ocrx_word' id='word_1_262' title='bbox 691 3315 803 3401; x_wconf 89' lang='lat' dir='ltr'><strong>potuit.</strong></span> <span class='ocrx_word' id='word_1_263' title='bbox 827 3315 918 3380; x_wconf 80' lang='lat' dir='ltr'><strong>Certe</strong></span> <span class='ocrx_word' id='word_1_264' title='bbox 930 3315 977 3379; x_wconf 93' lang='lat' dir='ltr'><strong>illi</strong></span> <span class='ocrx_word' id='word_1_265' title='bbox 989 3314 1060 3380; x_wconf 90' lang='lat' dir='ltr'><strong>libri</strong></span> <span class='ocrx_word' id='word_1_266' title='bbox 1068 3314 1245 3380; x_wconf 88' lang='lat' dir='ltr'><strong>Manichaei</strong></span> <span class='ocrx_word' id='word_1_267' title='bbox 1257 3319 1331 3378; x_wconf 89' lang='lat' dir='ltr'><strong>sunt</strong></span> <span class='ocrx_word' id='word_1_268' title='bbox 1342 3316 1443 3380; x_wconf 91' lang='lat' dir='ltr'><strong>omni-</strong></span> 
     </span>
     <span class='ocr_line' id='line_1_31' title="bbox 282 3416 1444 3503; baseline -0.003 -18"><span class='ocrx_word' id='word_1_269' title='bbox 282 3419 342 3485; x_wconf 90' lang='lat' dir='ltr'><strong>bus</strong></span> <span class='ocrx_word' id='word_1_270' title='bbox 358 3421 426 3484; x_wconf 92' lang='lat' dir='ltr'><strong>sine</strong></span> <span class='ocrx_word' id='word_1_271' title='bbox 443 3419 636 3484; x_wconf 87' lang='lat' dir='ltr'><strong>dubitatione</strong></span> <span class='ocrx_word' id='word_1_272' title='bbox 651 3438 849 3501; x_wconf 89' lang='lat' dir='ltr'><strong>communes,</strong></span> <span class='ocrx_word' id='word_1_273' title='bbox 869 3419 902 3482; x_wconf 93' lang='lat' dir='ltr'><strong>in</strong></span> <span class='ocrx_word' id='word_1_274' title='bbox 924 3419 1036 3503; x_wconf 90' lang='lat' dir='ltr'><strong>quibus</strong></span> <span class='ocrx_word' id='word_1_275' title='bbox 1056 3418 1146 3483; x_wconf 90' lang='lat' dir='ltr'><strong>libris</strong></span> <span class='ocrx_word' id='word_1_276' title='bbox 1166 3417 1221 3482; x_wconf 89' lang='lat' dir='ltr'><strong>illa</strong></span> <span class='ocrx_word' id='word_1_277' title='bbox 1240 3423 1386 3503; x_wconf 87' lang='lat' dir='ltr'><strong>portenta</strong></span> <span class='ocrx_word' id='word_1_278' title='bbox 1406 3416 1444 3482; x_wconf 89' lang='lat' dir='ltr'><strong>ed</strong></span> 
     </span>
     <span class='ocr_line' id='line_1_32' title="bbox 282 3519 1444 3608; baseline -0.003 -21"><span class='ocrx_word' id='word_1_279' title='bbox 282 3521 459 3587; x_wconf 89' lang='lat' dir='ltr'><strong>illiciendos</strong></span> <span class='ocrx_word' id='word_1_280' title='bbox 482 3527 514 3585; x_wconf 90' lang='lat' dir='ltr'><strong>et</strong></span> <span class='ocrx_word' id='word_1_281' title='bbox 538 3543 592 3608; x_wconf 88' lang='lat' dir='ltr'><strong>per</strong></span> <span class='ocrx_word' id='word_1_282' title='bbox 617 3519 904 3607; x_wconf 89' lang='lat' dir='ltr'><strong>concupiscentiam</strong></span> <span class='ocrx_word' id='word_1_283' title='bbox 927 3521 1142 3586; x_wconf 87' lang='lat' dir='ltr'><strong>dissolvendos</strong></span> <span class='ocrx_word' id='word_1_284' title='bbox 1162 3523 1325 3604; x_wconf 84' lang='lat' dir='ltr'><strong>utriusque</strong></span> <span class='ocrx_word' id='word_1_285' title='bbox 1350 3541 1444 3586; x_wconf 86' lang='lat' dir='ltr'><strong>sexus</strong></span> 
     </span>
     <span class='ocr_line' id='line_1_33' title="bbox 282 3624 1442 3711; baseline -0.003 -21"><span class='ocrx_word' id='word_1_286' title='bbox 282 3627 440 3711; x_wconf 89' lang='lat' dir='ltr'><strong>principes</strong></span> <span class='ocrx_word' id='word_1_287' title='bbox 454 3625 665 3708; x_wconf 88' lang='lat' dir='ltr'><strong>tenebrarum,</strong></span> <span class='ocrx_word' id='word_1_288' title='bbox 681 3631 716 3706; x_wconf 80' lang='lat' dir='ltr'><strong>ut</strong></span> <span class='ocrx_word' id='word_1_289' title='bbox 731 3625 864 3690; x_wconf 88' lang='lat' dir='ltr'><strong>liberato</strong></span> <span class='ocrx_word' id='word_1_290' title='bbox 878 3625 977 3708; x_wconf 85' lang='lat' dir='ltr'><strong>lugiet</strong></span> <span class='ocrx_word' id='word_1_291' title='bbox 990 3624 1029 3688; x_wconf 84' lang='lat' dir='ltr'><strong>ab</strong></span> <span class='ocrx_word' id='word_1_292' title='bbox 1045 3627 1090 3688; x_wconf 92' lang='lat' dir='ltr'><strong>eis</strong></span> <span class='ocrx_word' id='word_1_293' title='bbox 1112 3643 1191 3708; x_wconf 90' lang='lat' dir='ltr'><strong>qnae</strong></span> <span class='ocrx_word' id='word_1_294' title='bbox 1215 3625 1374 3708; x_wconf 78' lang='lat' dir='ltr'><strong>captivata</strong></span> <span class='ocrx_word' id='word_1_295' title='bbox 1395 3631 1442 3687; x_wconf 86' lang='lat' dir='ltr'><strong>te·</strong></span> 
     </span>
     <span class='ocr_line' id='line_1_34' title="bbox 282 3727 1443 3810; baseline -0.002 -18"><span class='ocrx_word' id='word_1_296' title='bbox 282 3729 414 3794; x_wconf 88' lang='lat' dir='ltr'><strong>nebatur</strong></span> <span class='ocrx_word' id='word_1_297' title='bbox 428 3729 462 3791; x_wconf 95' lang='lat' dir='ltr'><strong>in</strong></span> <span class='ocrx_word' id='word_1_298' title='bbox 477 3728 522 3791; x_wconf 89' lang='lat' dir='ltr'><strong>eis</strong></span> <span class='ocrx_word' id='word_1_299' title='bbox 538 3727 644 3792; x_wconf 86' lang='lat' dir='ltr'><strong>divina</strong></span> <span class='ocrx_word' id='word_1_300' title='bbox 658 3729 845 3810; x_wconf 82' lang='lat' dir='ltr'><strong>substantia,</strong></span> <span class='ocrx_word' id='word_1_301' title='bbox 860 3728 898 3792; x_wconf 92' lang='lat' dir='ltr'><strong>de</strong></span> <span class='ocrx_word' id='word_1_302' title='bbox 912 3727 1122 3792; x_wconf 89' lang='lat' dir='ltr'><strong>musculorum</strong></span> <span class='ocrx_word' id='word_1_303' title='bbox 1141 3730 1174 3790; x_wconf 93' lang='lat' dir='ltr'><strong>in</strong></span> <span class='ocrx_word' id='word_1_304' title='bbox 1189 3727 1322 3791; x_wconf 83' lang='lat' dir='ltr'><strong>laminas</strong></span> <span class='ocrx_word' id='word_1_305' title='bbox 1344 3733 1376 3790; x_wconf 93' lang='lat' dir='ltr'><strong>et</strong></span> <span class='ocrx_word' id='word_1_306' title='bbox 1397 3727 1443 3791; x_wconf 87' lang='lat' dir='ltr'><strong>le·</strong></span> 
     </span>
     <span class='ocr_line' id='line_1_35' title="bbox 281 3829 1444 3916; baseline -0.003 -22"><span class='ocrx_word' id='word_1_307' title='bbox 281 3832 438 3895; x_wconf 90' lang='lat' dir='ltr'><strong>minarum</strong></span> <span class='ocrx_word' id='word_1_308' title='bbox 452 3833 484 3894; x_wconf 93' lang='lat' dir='ltr'><strong>in</strong></span> <span class='ocrx_word' id='word_1_309' title='bbox 500 3829 656 3895; x_wconf 88' lang='lat' dir='ltr'><strong>masculos</strong></span> <span class='ocrx_word' id='word_1_310' title='bbox 671 3831 942 3914; x_wconf 85' lang='lat' dir='ltr'><strong>transfiguratione</strong></span> <span class='ocrx_word' id='word_1_311' title='bbox 964 3833 1140 3916; x_wconf 89' lang='lat' dir='ltr'><strong>conscripta</strong></span> <span class='ocrx_word' id='word_1_312' title='bbox 1160 3835 1249 3912; x_wconf 88' lang='lat' dir='ltr'><strong>sunt,</strong></span> <span class='ocrx_word' id='word_1_313' title='bbox 1269 3829 1352 3894; x_wconf 92' lang='lat' dir='ltr'><strong>unde</strong></span> <span class='ocrx_word' id='word_1_314' title='bbox 1372 3831 1444 3912; x_wconf 86' lang='lat' dir='ltr'><strong>ista,</strong></span> 
     </span>
     <span class='ocr_line' id='line_1_36' title="bbox 210 3931 1443 4020; baseline -0.002 -22"><span class='ocrx_word' id='word_1_315' title='bbox 210 4005 217 4018; x_wconf 27' lang='lat'>¹</span> <span class='ocrx_word' id='word_1_316' title='bbox 281 3933 392 4018; x_wconf 79' lang='lat' dir='ltr'><strong>⁸quam</strong></span> <span class='ocrx_word' id='word_1_317' title='bbox 409 3933 541 4017; x_wconf 89' lang='lat' dir='ltr'><strong>quilibet</strong></span> <span class='ocrx_word' id='word_1_318' title='bbox 555 3953 662 3998; x_wconf 88' lang='lat' dir='ltr'><strong>corum</strong></span> <span class='ocrx_word' id='word_1_319' title='bbox 677 3939 793 4017; x_wconf 90' lang='lat' dir='ltr'><strong>negant</strong></span> <span class='ocrx_word' id='word_1_320' title='bbox 815 3933 855 3999; x_wconf 88' lang='lat' dir='ltr'><strong>ad</strong></span> <span class='ocrx_word' id='word_1_321' title='bbox 877 3937 1099 4019; x_wconf 88' lang='lat' dir='ltr'><strong>sepertinere,</strong></span> <span class='ocrx_word' id='word_1_322' title='bbox 1120 3935 1280 4020; x_wconf 88' lang='lat' dir='ltr'><strong>turpitudo</strong></span> <span class='ocrx_word' id='word_1_323' title='bbox 1303 3931 1443 3998; x_wconf 81' lang='lat' dir='ltr'><strong>delinxit</strong></span> 
     </span>
    </p>

    <p class='ocr_par' dir='ltr' id='par_1_5' title="bbox 280 4083 1446 4411">
     <span class='ocr_line' id='line_1_37' title="bbox 348 4083 1443 4158; baseline -0.003 -20"><span class='ocrx_word' id='word_1_324' title='bbox 348 4087 372 4140; x_wconf 76' lang='lat'><strong>4.</strong></span> <span class='ocrx_word' id='word_1_325' title='bbox 390 4087 459 4156; x_wconf 81' lang='lat' dir='ltr'><strong>apud</strong></span> <span class='ocrx_word' id='word_1_326' title='bbox 475 4084 669 4155; x_wconf 84' lang='lat' dir='ltr'><strong>Carthaginem]</strong></span> <span class='ocrx_word' id='word_1_327' title='bbox 695 4086 733 4156; x_wconf 85' lang='lat' dir='ltr'><strong>Cs.</strong></span> <span class='ocrx_word' id='word_1_328' title='bbox 751 4087 894 4139; x_wconf 75' lang='lat' dir='ltr'><strong>Praesidium</strong></span> <span class='ocrx_word' id='word_1_329' title='bbox 914 4085 977 4141; x_wconf 73' lang='grc' dir='ltr'><em>Η</em></span> <span class='ocrx_word' id='word_1_330' title='bbox 1016 4091 1093 4138; x_wconf 83' lang='lat' dir='ltr'><strong>uatim&#39;</strong></span> <span class='ocrx_word' id='word_1_331' title='bbox 1104 4087 1218 4158; x_wconf 83' lang='lat' dir='ltr'><strong>cap.16.</strong></span> <span class='ocrx_word' id='word_1_332' title='bbox 1270 4085 1294 4138; x_wconf 88' lang='lat'><strong>5.</strong></span> <span class='ocrx_word' id='word_1_333' title='bbox 1306 4083 1352 4138; x_wconf 67' lang='lat' dir='ltr'><strong>sec</strong></span> <span class='ocrx_word' id='word_1_334' title='bbox 1369 4085 1443 4137; x_wconf 77' lang='lat' dir='ltr'><strong>MSS.</strong></span> 
     </span>
     <span class='ocr_line' id='line_1_38' title="bbox 281 4151 1446 4224; baseline 0 -20"><span class='ocrx_word' id='word_1_335' title='bbox 281 4151 356 4206; x_wconf 80' lang='lat' dir='ltr'><strong>Edr&#39;tc&#39;</strong></span> <span class='ocrx_word' id='word_1_336' title='bbox 379 4163 460 4206; x_wconf 82' lang='lat' dir='ltr'><strong>autem</strong></span> <span class='ocrx_word' id='word_1_337' title='bbox 483 4155 575 4208; x_wconf 78' lang='lat' dir='ltr'><strong>haberet</strong></span> <span class='ocrx_word' id='word_1_338' title='bbox 596 4155 727 4207; x_wconf 74' lang='lat' dir='ltr'><strong>violatam.</strong></span> <span class='ocrx_word' id='word_1_339' title='bbox 762 4155 881 4224; x_wconf 74' lang='lat' dir='ltr'><strong>(Boreo.)</strong></span> <span class='ocrx_word' id='word_1_340' title='bbox 944 4155 968 4210; x_wconf 85' lang='lat'><strong>6.</strong></span> <span class='ocrx_word' id='word_1_341' title='bbox 1016 4165 1054 4208; x_wconf 83' lang='lat' dir='ltr'><strong>ost</strong></span> <span class='ocrx_word' id='word_1_342' title='bbox 1075 4153 1234 4208; x_wconf 80' lang='lat' dir='ltr'><strong>Gutharistas</strong></span> <span class='ocrx_word' id='word_1_343' title='bbox 1261 4155 1324 4206; x_wconf 80' lang='lat' dir='ltr'><strong>editi</strong></span> <span class='ocrx_word' id='word_1_344' title='bbox 1346 4156 1446 4206; x_wconf 84' lang='lat' dir='ltr'><strong>addunt</strong></span> 
     </span>
     <span class='ocr_line' id='line_1_39' title="bbox 280 4221 1442 4294; baseline -0.001 -21"><span class='ocrx_word' id='word_1_345' title='bbox 280 4221 306 4273; x_wconf 89' lang='lat' dir='ltr'><strong>id</strong></span> <span class='ocrx_word' id='word_1_346' title='bbox 319 4227 359 4274; x_wconf 87' lang='lat' dir='ltr'><strong>ast</strong></span> <span class='ocrx_word' id='word_1_347' title='bbox 369 4222 537 4276; x_wconf 82' lang='lat' dir='ltr'><strong>mandatores</strong></span> <span class='ocrx_word' id='word_1_348' title='bbox 554 4223 593 4276; x_wconf 84' lang='lat' dir='ltr'><strong>vel</strong></span> <span class='ocrx_word' id='word_1_349' title='bbox 605 4229 767 4293; x_wconf 85' lang='lat' dir='ltr'><strong>purgatores.</strong></span> <span class='ocrx_word' id='word_1_350' title='bbox 790 4223 911 4294; x_wconf 78' lang='lat' dir='ltr'><strong>(Bened.)</strong></span> <span class='ocrx_word' id='word_1_351' title='bbox 962 4223 986 4276; x_wconf 79' lang='lat'><strong>7.</strong></span> <span class='ocrx_word' id='word_1_352' title='bbox 1005 4223 1079 4276; x_wconf 78' lang='lat' dir='ltr'><strong>Eda&#39;ri</strong></span> <span class='ocrx_word' id='word_1_353' title='bbox 1088 4224 1231 4286; x_wconf 60' lang='lat' dir='ltr'><strong>Materiam</strong></span> <span class='ocrx_word' id='word_1_354' title='bbox 1248 4224 1314 4290; x_wconf 80' lang='lat' dir='ltr'><strong>qood</strong></span> <span class='ocrx_word' id='word_1_355' title='bbox 1329 4232 1442 4274; x_wconf 78' lang='lat' dir='ltr'><strong>errarem</strong></span> 
     </span>
     <span class='ocr_line' id='line_1_40' title="bbox 280 4291 1442 4411; baseline 0.002 -71"><span class='ocrx_word' id='word_1_356' title='bbox 280 4299 380 4342; x_wconf 81' lang='lat' dir='ltr'><strong>secutur</strong></span> <span class='ocrx_word' id='word_1_357' title='bbox 397 4301 433 4342; x_wconf 79' lang='lat' dir='ltr'><strong>est</strong></span> <span class='ocrx_word' id='word_1_358' title='bbox 447 4291 593 4344; x_wconf 78' lang='lat' dir='ltr'><strong>Sirmocdur</strong></span> <span class='ocrx_word' id='word_1_359' title='bbox 610 4296 636 4342; x_wconf 84' lang='lat' dir='ltr'><strong>r&#39;n</strong></span> <span class='ocrx_word' id='word_1_360' title='bbox 652 4309 696 4344; x_wconf 85' lang='lat' dir='ltr'><strong>auo</strong></span> <span class='ocrx_word' id='word_1_361' title='bbox 709 4293 915 4354; x_wconf 72' lang='lat' dir='ltr'><strong>Pruedestr&#39;outo,</strong></span> <span class='ocrx_word' id='word_1_362' title='bbox 931 4309 1080 4411; x_wconf 70' lang='lat' dir='ltr'><strong>praumpuam</strong></span> <span class='ocrx_word' id='word_1_363' title='bbox 1097 4293 1224 4359; x_wconf 75' lang='lat' dir='ltr'><strong>Aupieuse</strong></span> <span class='ocrx_word' id='word_1_364' title='bbox 1241 4292 1348 4342; x_wconf 64' lang='lat' dir='ltr'><strong>mecedem</strong></span> <span class='ocrx_word' id='word_1_365' title='bbox 1361 4291 1442 4342; x_wconf 86' lang='lat' dir='ltr'><strong>Proe-</strong></span> 
     </span>
    </p>
   </div>
   <div class='ocr_carea' id='block_1_5' title="bbox 282 4359 1441 4501">
    <p class='ocr_par' dir='ltr' id='par_1_6' title="bbox 282 4359 1441 4501">
     <span class='ocr_line' id='line_1_41' title="bbox 282 4359 1441 4428; baseline 0.002 -18"><span class='ocrx_word' id='word_1_366' title='bbox 282 4361 404 4411; x_wconf 80' lang='lat' dir='ltr'><strong>deatc&#39;uuis&#39;</strong></span> <span class='ocrx_word' id='word_1_367' title='bbox 414 4361 543 4428; x_wconf 78' lang='lat' dir='ltr'><strong>exemplar</strong></span> <span class='ocrx_word' id='word_1_368' title='bbox 551 4365 672 4428; x_wconf 63' lang='lat' dir='ltr'><strong>praefert</strong></span> <span class='ocrx_word' id='word_1_369' title='bbox 682 4361 825 4414; x_wconf 72' lang='lat' dir='ltr'><strong>Metlarius.</strong></span> <span class='ocrx_word' id='word_1_370' title='bbox 844 4360 888 4411; x_wconf 77' lang='lat' dir='ltr'><strong>Sic</strong></span> <span class='ocrx_word' id='word_1_371' title='bbox 901 4379 958 4412; x_wconf 80' lang='lat' dir='ltr'><strong>roro</strong></span> <span class='ocrx_word' id='word_1_372' title='bbox 970 4359 1004 4411; x_wconf 84' lang='lat' dir='ltr'><strong>ho</strong></span> <span class='ocrx_word' id='word_1_373' title='bbox 1023 4369 1064 4411; x_wconf 80' lang='lat' dir='ltr'><strong>eut</strong></span> <span class='ocrx_word' id='word_1_374' title='bbox 1074 4361 1116 4411; x_wconf 76' lang='lat' dir='ltr'><strong>hic</strong></span> <span class='ocrx_word' id='word_1_375' title='bbox 1129 4365 1204 4412; x_wconf 75' lang='lat' dir='ltr'><strong>otium</strong></span> <span class='ocrx_word' id='word_1_376' title='bbox 1218 4361 1356 4426; x_wconf 76' lang='lat' dir='ltr'><strong>Augustini</strong></span> <span class='ocrx_word' id='word_1_377' title='bbox 1368 4359 1441 4412; x_wconf 71' lang='lat' dir='ltr'><strong>MSS.</strong></span> 
     </span>
     <span class='ocr_line' id='line_1_42' title="bbox 282 4426 1441 4501; baseline 0.005 -27"><span class='ocrx_word' id='word_1_378' title='bbox 282 4443 370 4477; x_wconf 72' lang='lat' dir='ltr'><strong>amarer.</strong></span> <span class='ocrx_word' id='word_1_379' title='bbox 400 4427 497 4495; x_wconf 78' lang='lat' dir='ltr'><strong>Nempe</strong></span> <span class='ocrx_word' id='word_1_380' title='bbox 524 4431 568 4478; x_wconf 83' lang='lat' dir='ltr'><strong>uia</strong></span> <span class='ocrx_word' id='word_1_381' title='bbox 580 4431 607 4477; x_wconf 81' lang='lat' dir='ltr'><strong>in</strong></span> <span class='ocrx_word' id='word_1_382' title='bbox 619 4433 705 4479; x_wconf 68' lang='lat' dir='ltr'><strong>marta</strong></span> <span class='ocrx_word' id='word_1_383' title='bbox 716 4431 849 4490; x_wconf 77' lang='lat' dir='ltr'><strong>dormiunt,</strong></span> <span class='ocrx_word' id='word_1_384' title='bbox 860 4429 983 4479; x_wconf 78' lang='lat' dir='ltr'><strong>Mottun&#39;c&#39;</strong></span> <span class='ocrx_word' id='word_1_385' title='bbox 991 4431 1162 4501; x_wconf 76' lang='lat' dir='ltr'><strong>appellantur,</strong></span> <span class='ocrx_word' id='word_1_386' title='bbox 1176 4447 1206 4482; x_wconf 77' lang='lat' dir='ltr'><strong>aa</strong></span> <span class='ocrx_word' id='word_1_387' title='bbox 1218 4429 1260 4480; x_wconf 82' lang='lat' dir='ltr'><strong>uc.</strong></span> <span class='ocrx_word' id='word_1_388' title='bbox 1277 4426 1304 4480; x_wconf 87' lang='lat' dir='ltr'><strong>V.</strong></span> <span class='ocrx_word' id='word_1_389' title='bbox 1316 4445 1338 4478; x_wconf 82' lang='lat' dir='ltr'><strong>c.</strong></span> <span class='ocrx_word' id='word_1_390' title='bbox 1350 4427 1441 4480; x_wconf 77' lang='lat' dir='ltr'><strong>Ferret.</strong></span> 
     </span>
    </p>
   </div>
   <div class='ocr_carea' id='block_1_6' title="bbox 281 4493 1441 4630">
    <p class='ocr_par' dir='ltr' id='par_1_7' title="bbox 281 4493 1441 4630">
     <span class='ocr_line' id='line_1_43' title="bbox 281 4493 1441 4630; baseline 0.003 -85"><span class='ocrx_word' id='word_1_391' title='bbox 281 4493 601 4630; x_wconf 37' lang='lat' dir='ltr'><strong>pippffgogplltenedtfflti.</strong></span> <span class='ocrx_word' id='word_1_392' title='bbox 612 4495 662 4630; x_wconf 53' lang='lat' dir='ltr'><strong>Spe,</strong></span> <span class='ocrx_word' id='word_1_393' title='bbox 675 4495 798 4548; x_wconf 75' lang='lat' dir='ltr'><strong>Vaticani</strong></span> <span class='ocrx_word' id='word_1_394' title='bbox 809 4497 856 4547; x_wconf 87' lang='lat' dir='ltr'><strong>duo</strong></span> <span class='ocrx_word' id='word_1_395' title='bbox 866 4495 938 4548; x_wconf 85' lang='lat' dir='ltr'><strong>MSS.</strong></span> <span class='ocrx_word' id='word_1_396' title='bbox 974 4497 1012 4548; x_wconf 76' lang='lat' dir='ltr'><strong>Ar</strong></span> <span class='ocrx_word' id='word_1_397' title='bbox 1022 4497 1085 4550; x_wconf 76' lang='lat' dir='ltr'><strong>editi</strong></span> <span class='ocrx_word' id='word_1_398' title='bbox 1095 4497 1163 4550; x_wconf 90' lang='lat' dir='ltr'><strong>unde</strong></span> <span class='ocrx_word' id='word_1_399' title='bbox 1175 4498 1226 4550; x_wconf 85' lang='lat' dir='ltr'><strong>iste</strong></span> <span class='ocrx_word' id='word_1_400' title='bbox 1237 4511 1338 4558; x_wconf 88' lang='lat' dir='ltr'><strong>eorum,</strong></span> <span class='ocrx_word' id='word_1_401' title='bbox 1351 4512 1441 4564; x_wconf 81' lang='lat' dir='ltr'><strong>quam·</strong></span> 
     </span>
     <span class='ocr_line' id='line_1_44' title="bbox 424 4577 1353 4614; baseline 0.013 -2"><span class='ocrx_word' id='word_1_402' title='bbox 424 4577 442 4612; x_wconf 92' lang='lat' dir='ltr'><strong>n</strong></span> <span class='ocrx_word' id='word_1_403' title='bbox 466 4578 521 4613; x_wconf 82' lang='lat' dir='ltr'><strong>cc.</strong></span> <span class='ocrx_word' id='word_1_404' title='bbox 576 4577 649 4614; x_wconf 87' lang='lat' dir='ltr'><strong>ene.</strong></span> <span class='ocrx_word' id='word_1_405' title='bbox 1348 4577 1353 4588; x_wconf 91' lang='lat'>&#39;</span> 
     </span>
    </p>
   </div>
   <div class='ocr_carea' id='block_1_7' title="bbox 0 0 1560 4986">
    <p class='ocr_par' dir='ltr' id='par_1_8' title="bbox 0 0 1560 4986">
     <span class='ocr_line' id='line_1_45' title="bbox 0 0 1560 4986; baseline 0 3"><span class='ocrx_word' id='word_1_406' title='bbox 0 0 1560 4986; x_wconf 95' lang='lat' dir='ltr'><strong> </strong></span> 
     </span>
    </p>
   </div>
  </div>
 </body>
</html>
