3112 4986
543 303 582 346 DE
595 301 773 348 thumim
786 303 878 348 amsa
1231 307 1291 372 199

123 462 273 549 perhibet
286 461 486 528 Intellectum
501 468 533 526 et
546 461 733 544 Veritatem,
748 467 781 526 et
794 461 961 548 protulisse
976 464 1011 526 in
1025 460 1177 528 honorem
1191 463 1290 552 patris

124 565 252 630 Aeonas
268 571 348 630 octo.
383 564 429 629 De
445 565 610 630 Intellecta
625 571 730 628 autem
745 571 777 628 et
791 565 928 630 Veritate
943 567 1136 650 processisse
1151 565 1291 630 Verbum

125 674 157 730 et
172 668 290 749 Vitam,
305 675 337 732 et
350 667 516 754 protulisse
531 670 656 734 Aeonas
669 667 786 733 decem.
808 669 903 733 Porro
920 668 959 732 do
970 667 1072 732 Verbo
1089 673 1121 732 et
1131 667 1203 730 Vita
1216 689 1290 753 pro·

124 773 260 835 cessisse
279 771 447 836 Hominem
466 777 498 836 et
517 770 706 852 Ecclesiam,
732 775 764 834 et
782 769 949 856 protulisse
969 771 1094 834 Aeonas
1115 769 1289 836 duodecim.

123 873 236 958 Itaque
257 881 327 940 octo
342 881 374 938 et
389 873 498 940 decem
513 881 545 938 et
559 873 724 938 duodecim
741 874 807 938 lieri
822 875 951 957 triginta
965 874 1105 954 Aeonas,
1125 871 1290 954 habentes,

123 983 160 1040 ut
175 977 323 1059 diximus,
339 979 475 1062 primum
489 980 678 1063 principium
693 976 732 1039 de
747 977 903 1042 Proluudc
920 981 951 1040 et
966 975 1107 1040 Silentio.
1131 973 1290 1040 Christum

124 1087 234 1144 autem
247 1101 267 1143 a
279 1081 371 1144 Patro
386 1083 528 1162 missum,
543 1081 575 1146 id
587 1087 636 1144 est
647 1101 666 1144 a
676 1079 845 1162 Profunda,
860 1079 999 1164 spiritale
1011 1079 1062 1142 vel
1075 1078 1207 1143 caeleste
1220 1099 1289 1142 cor·

124 1203 185 1268 pus
201 1203 309 1248 secum
324 1183 476 1264 attulisse,
492 1183 631 1268 nihilque
643 1185 849 1268 assumpsisse
863 1183 901 1246 de
913 1183 1032 1265 virgine
1044 1181 1152 1262 Maria,
1167 1179 1223 1244 sed
1234 1201 1290 1266 per

124 1284 214 1350 illam
229 1291 378 1369 tanquam
398 1305 454 1370 per
473 1289 574 1350 rivum
589 1293 643 1350 aut
657 1307 713 1372 par
727 1286 864 1352 fistulam
879 1285 946 1350 sins
966 1285 1030 1350 ulla
1044 1284 1082 1349 de
1097 1282 1153 1348 illa
1166 1304 1289 1348 assum-

125 1395 181 1472 pta
192 1407 286 1452 carne
301 1385 477 1454 ³transisse.
501 1389 601 1472 Negat
612 1391 706 1452 etiam
717 1391 977 1454 resurrectionem
989 1389 1103 1468 carnis,
1118 1386 1220 1452 solum
1233 1405 1290 1472 per

125 1489 287 1555 Christum
302 1494 446 1576 spiritum
461 1497 493 1554 et
507 1495 644 1556 animam
659 1491 792 1556 salutem
807 1493 948 1576 accipere
964 1492 1134 1556 affirmans.

181 1593 399 1658 ‹²Secundiaui
419 1593 477 1659 hoc
492 1616 512 1658 a
525 1593 752 1660 Valentinianis
768 1595 884 1660 distare
900 1593 1056 1676 dicuntur,
1071 1591 1154 1678 quod
1169 1591 1290 1658 addunt
1307 1615 1357 1666 cap.
1372 1615 1418 1656 xrs

124 1717 222 1783 opera
236 1671 450 1784 turpitudinis.
953 1703 957 1710 '

189 1799 386 1866 Ptolemaeus
404 1819 524 1884 quoque
546 1799 716 1886 discipulus
732 1800 890 1866 Valentini
911 1800 1067 1865 haeresim
1082 1818 1196 1864 novam
1212 1819 1288 1864 con·
1307 1820 1357 1872 etp.
1371 1820 1429 1862 ιιιιι.

124 1903 199 1968 dere
216 1904 346 1988 cupiens
362 1909 494 1986 quatuor
507 1905 631 1969 Aeonas
647 1911 678 1968 et
692 1904 769 1994 alias
786 1911 917 1988 quatuor
932 1923 1072 1968 asserere
1087 1901 1206 1967 maluit.

188 2004 312 2068 Marcus
332 2007 427 2070 etiam
447 2009 551 2071 nescio
573 2009 642 2090 quis
662 2006 817 2072 haeresim
838 2007 992 2088 condidit,
1013 2025 1130 2089 negans
1149 2025 1287 2070 resurre-
1306 2026 1357 2079 cap.
1370 2027 1425 2068 ιιι.

125 2110 262 2172 ctionem
277 2109 396 2190 carnis,
417 2115 449 2172 et
463 2109 621 2174 Christum
642 2129 705 2174 non
719 2131 808 2193 vere,
831 2109 888 2174 sed
902 2113 1041 2194 putative
1056 2129 1185 2195 passum
1200 2129 1287 2172 asse·

126 2231 246 2282 vorans.
283 2209 352 2274 Duc
374 2232 495 2296 quoque
514 2215 659 2298 opinatus
680 2220 729 2276 est
748 2235 786 2276 en
807 2213 936 2278 adverso
959 2213 1018 2278 sibi
1039 2233 1107 2276 esse
1122 2213 1287 2298 principia,

126 2313 276 2398 quiddam
290 2313 353 2378 tale
369 2314 406 2378 de
421 2315 580 2380 Aaouibus
596 2316 685 2400 quale
702 2315 885 2380 Valentinus
901 2317 1070 2380 affirmans.

187 2415 393 2481 ¹Cclorbasus
410 2425 535 2482 secutus
548 2425 596 2482 est
606 2419 694 2501 istos,
708 2437 772 2482 uon
784 2418 917 2482 multum
929 2419 1018 2482 aliter
1030 2420 1179 2500 sentiens,
1190 2419 1288 2482 vitam
1306 2439 1356 2491 cap.
1370 2439 1414 2480 xv.

128 2523 267 2584 omnium
281 2518 443 2585 hominum
458 2527 489 2585 et
503 2524 736 2604 generationem
750 2524 783 2586 in
798 2527 919 2607 septem
939 2521 1094 2586 sideribus
1115 2523 1286 2586 consistere

128 2603 296 2688 stimans.

188 2725 441 2808 heracleonitae,
456 2727 496 2790 ab
511 2725 701 2792 Heracleono
717 2726 873 2813 discipulo
887 2729 1097 2812 superiorum,
1118 2725 1179 2792 duc
1199 2747 1286 2791 asse·
1305 2747 1355 2798 cap.
1370 2707 1424 2790 rvr

130 2835 199 2892 runt
212 2831 379 2914 principia,
395 2849 492 2894 unum
508 2849 547 2894 ex
561 2830 670 2910 altero,
685 2837 717 2894 et
731 2851 770 2896 ex
784 2831 833 2895 his
850 2830 970 2895 duobus
985 2830 1046 2893 alia
1060 2829 1203 2914 plurima.
1226 2828 1284 2893 ua-

129 2938 237 2996 runtur
251 2937 357 2995 autem
372 2951 444 2996 suos
460 2935 629 2998 morientes
644 2953 723 2997 novo
738 2934 830 2998 modo
846 2936 934 3017 quasi
949 2933 1113 3014 redimere,
1127 2932 1160 2997 id
1172 2939 1220 2996 est
1230 2953 1287 3018 per

131 3033 240 3116 oleum,
255 3034 430 3100 balsamum
444 3041 476 3099 et
490 3055 603 3119 aquam
617 3041 649 3100 et
662 3037 892 3118 invocationes,
913 3055 989 3120 quaa
1004 3036 1166 3102 Hebraicis
1181 3035 1285 3100 verbis

130 3135 235 3202 dicunt
250 3157 345 3223 super
360 3141 462 3224 capita
476 3159 591 3203 corum.

189 3241 322 3326 Ophites
339 3261 358 3304 a
372 3241 498 3306 colubro
512 3243 664 3306 nominati
679 3248 767 3320 sunt;
785 3241 910 3308 coluber
925 3243 1009 3307 anim
1025 3244 1139 3306 Graece
1155 3239 1220 3330 ὄφις
1235 3241 1284 3306 di·
1302 3264 1352 3318 cap.
1365 3263 1432 3310 xvu.

130 3345 215 3408 citur.
244 3343 335 3407 Hunc
350 3351 455 3408 autem
471 3343 629 3410 Christum
643 3344 847 3423 arbitrantur;
864 3345 920 3410 sed
935 3345 1052 3410 habent
1065 3349 1161 3410 etiam
1174 3365 1284 3410 verum

131 3445 306 3511 ¹colubrum
321 3453 481 3512 assuetum
496 3467 603 3512 eorum
617 3468 715 3532 panes
731 3447 883 3530 lambere,
898 3453 990 3532 atque
1006 3449 1051 3512 ita
1066 3450 1111 3512 eis
1126 3447 1213 3512 velut
1228 3467 1282 3512 eu·

192 3633 215 3686 2.
228 3633 323 3686 umam
335 3635 389 3686 edit
398 3633 510 3686 Erasmt.
570 3631 594 3686 3.
609 3633 683 3694 Quod
692 3633 734 3686 lic
746 3637 773 3685 in
785 3636 860 3686 editis
859 3637 953 3702 sacrm
963 3637 1090 3688 additum:
1106 3633 1145 3688 De
1154 3635 1283 3690 tricesimo

130 3701 212 3754 seculo
225 3701 287 3754 dicit
298 3701 429 3754 diabolum
435 3702 560 3770 genitum,
570 3707 596 3754 et
607 3717 622 3753 a
634 3701 735 3756 diabole
747 3703 812 3754 alios
822 3707 896 3755 natos
905 3703 950 3772 qui
958 3701 1283 3760 feceriuthunemuudum.

129 3769 158 3822 llt
173 3769 231 3822 ideo
248 3770 375 3822 malitiam
391 3787 443 3822 non
460 3771 565 3824 arbitrio
583 3771 684 3835 tribuit,
701 3770 747 3823 sed
763 3775 870 3824 naturae
881 3771 980 3836 muudi,
996 3771 1074 3824 idest
1089 3773 1179 3841 generi
1195 3773 1282 3828 diabo-

128 3837 174 3890 lice
186 3837 371 3890 meathSS.
401 3837 527 3958 (Benedp

192 3905 256 3986 Cap.
267 3903 326 3959 xil.
339 3936 371 3945 -
391 3905 412 3957 l.
425 3905 489 3957 Edit
528 3927 600 3961 crac.
619 3917 643 3960 et
659 3909 754 3976 aliquot
768 3905 840 3960 MSS.
852 3905 1016 3962 Sevandiaui.
1044 3909 1164 3960 Atticum
1173 3909 1283 3964 Eram

128 3972 298 4094 {manuam}
314 3991 414 4094 qudmm
431 3977 529 4028 scilicet
544 3979 663 4046 princeps
677 3975 807 4030 Secundae
824 3995 841 4028 a
856 3973 1165 4046 Phileatrio,Epr'1›bcrrtc
1182 3987 1207 4031 et
1221 3979 1283 4032 atta

149 4047 227 4096 'eitun
299 4059 371 4096 ene.

191 4045 325 4181 CaplXV.
338 4043 383 4150 -l
396 4109 417 4162 l.
430 4107 599 4166 Colarbasum
616 4114 678 4164 editi
695 4131 711 4164 o
748 4113 838 4176 allant,
856 4113 965 4166 multata
982 4113 1066 4165 altera
1082 4115 1167 4166 vocali
1182 4133 1196 4167 ο
1212 4119 1239 4168 iu
1255 4135 1280 4180 a,

127 4179 307 4233 reluctantibus
318 4183 429 4248 estquis
439 4183 580 4249 aarapbrrts.
615 4131 746 4249 (Benepp

191 4247 254 4317 cap.
265 4247 348 4300 XVII.
359 4277 393 4288 -
413 4247 434 4302 l.
448 4248 491 4299 Ita
508 4251 535 4300 tn
544 4248 616 4302 MSS.
630 4249 667 4300 At
680 4253 707 4300 ia
722 4252 819 4302 morab
831 4249 981 4302 describitur
993 4249 1090 4303 tathaee
1104 4249 1217 4305 haeresis
1234 4253 1281 4308 boc

124 4319 178 4382 sere
189 4317 274 4368 modo:
290 4313 366 4368 Hunc
377 4321 464 4369 autem
476 4317 608 4370 colubrum
621 4317 665 4386 qui
679 4315 777 4386 decepit
787 4315 870 4368 Adam
882 4322 909 4369 et
919 4315 1000 4370 livam
1013 4315 1143 4374 Christum
1155 4319 1280 4376 arbitran-

129 4389 179 4434 tur:
197 4384 243 4436 sed
254 4381 352 4435 habent
363 4385 441 4437 etiam
452 4401 542 4438 verum
553 4385 687 4438 colubrum
698 4401 775 4455 quam
786 4385 903 4438 nutriunt
914 4391 939 4438 et
950 4395 1110 4441 venerantur.
1139 4388 1189 4453 Qui
1205 4395 1230 4442 et
1241 4391 1280 4444 in·

129 4456 244 4504 emtsuta
262 4451 395 4504 sacerdote
411 4453 541 4522 egreditur
558 4453 588 4505 de
605 4453 728 4524 spelunca
745 4459 771 4506 et
781 4454 896 4506 ascmdit
907 4469 984 4524 super
1000 4455 1080 4508 altare
1091 4457 1210 4511 innixum
1222 4475 1279 4528 spe·

129 4517 215 4573 luncae
227 4525 254 4574 et
265 4521 409 4574 oblationes
421 4538 509 4576 eorum
520 4522 618 4586 lambit,
631 4527 657 4575 et
667 4522 800 4578 involvens
812 4538 840 4575 se
851 4523 919 4576 eirca
930 4537 973 4576 eas
982 4525 1124 4594 regreditur
1132 4525 1165 4578 sd
1176 4527 1279 4598 spelun-

132 4603 183 4642 cam
195 4595 219 4643 et
230 4591 269 4644 ita
279 4589 448 4660 confringunt
458 4590 599 4644 oblationes
610 4591 638 4645 in
647 4589 835 4657 eucharistiam,
848 4593 922 4662 qnasi
933 4599 1075 4664 sserpsuta
1084 4591 1193 4661 Christe,
1204 4603 1234 4650 ut
1241 4596 1280 4651 illi
