3112 4986
531 329 571 372 un
584 327 759 372 ιιοιιιιοοιοιιο
772 327 865 370 crasa
1177 349 1179 354 .
1220 325 1280 393 135

114 491 289 576 potationis
304 493 337 552 et
349 490 506 576 passionis
521 492 555 552 et
567 488 804 553 resurrectionis
819 485 954 570 fideique
966 487 1032 549 eius
1045 489 1077 548 et
1086 487 1279 550 ascensionis

115 593 148 658 in
163 590 286 656 caelum
301 577 373 656 ante
388 591 489 674 legem
501 613 520 656 a
534 591 624 656 iustis
641 590 786 655 omnibus
806 588 995 654 noscebatur
1010 593 1042 651 ct
1057 587 1279 672 qraerentibus

117 701 146 758 et
159 694 405 780 ²⁵capientibus⁰
420 715 484 760 non
498 692 699 774 2²celabatur,
713 699 749 756 ut
762 693 880 774 Enoch,
899 691 976 772 Noe,
992 697 1023 754 ct
1036 690 1279 772 Melchisedech,

116 804 146 861 et
159 798 269 878 Iacob,
293 803 325 864 et
345 797 415 861 aliis
437 799 529 861 iustis
552 819 588 860 ac
611 797 802 860 beatissimis
825 795 1024 881 patriarchis,
1047 799 1080 857 et
1098 796 1210 857 ceteris
1226 796 1279 878 qui

116 905 187 965 ante
202 901 304 983 legem
319 901 414 965 Mosis
434 903 592 982 vixerant,
613 900 671 964 sub
694 898 840 964 mandato
862 897 983 962 seilicet
1005 899 1166 962 constituti
1185 903 1279 981 atque

115 1006 147 1068 in
162 1003 310 1070 omnibus
325 1005 487 1068 iustificati
502 1025 521 1066 a
537 1003 671 1068 domino.
694 1002 758 1066 hex
773 1009 879 1066 autem
890 1007 922 1064 et
933 1000 1011 1066 fides
1024 999 1141 1064 Christi
1154 999 1279 1082 dieitur,

115 1113 150 1169 ut
168 1109 214 1170 ait
233 1105 422 1192 apostolus‘,
443 1107 506 1170 Por
521 1106 704 1192 lopemfideo'
721 1103 851 1180 Caroea·
871 1104 922 1168 lex
942 1102 1076 1168 carnalis
1098 1103 1277 1167 iustificatio

115 1209 301 1274 ludaeorum
316 1215 373 1273 est.
410 1208 434 1248 ²⁸
441 1209 623 1274 Mandatum
642 1213 747 1272 autem
761 1210 820 1271 etsi
836 1228 899 1272 non
913 1213 1041 1293 putatur
1055 1205 1106 1270 lex
1125 1226 1209 1288 esse,
1229 1212 1277 1269 ta·

116 1332 189 1376 men
203 1311 287 1396 quod
301 1333 320 1375 a
335 1311 460 1376 domino
477 1333 566 1376 servo
583 1312 696 1376 dieitur
711 1317 743 1374 et
758 1310 951 1392 decernitur,
972 1309 1050 1392 legis
1066 1315 1115 1373 est
1128 1311 1224 1390 ratio,
1243 1315 1279 1373 ut

116 1414 199 1500 quod
213 1414 290 1478 velit
305 1414 409 1498 eligat,
424 1421 478 1480 aut
493 1435 616 1479 servare
631 1420 667 1478 ut
680 1416 799 1478 amictu
814 1420 845 1477 et
859 1413 996 1494 fidehsss,
1011 1419 1065 1476 ant
1080 1418 1277 1477 contemnere

115 1523 149 1581 ut
163 1537 272 1582 servus
288 1517 346 1581 sub
362 1516 428 1600 lege
444 1518 612 1582 subiectus.
634 1517 726 1582 Unde
742 1523 774 1580 et
789 1515 923 1582 salvator
935 1515 1083 1602 apostolis
1095 1515 1278 1580 mandatum
1308 1537 1309 1543 ¹

117 1617 241 1702 dabath,
257 1624 291 1682 ut
305 1622 414 1684 amicis
429 1626 461 1682 et
475 1619 631 1700 fidelibus,
646 1619 729 1704 quod
741 1625 773 1683 et
783 1619 869 1684 Adae
885 1621 966 1704 patri
978 1624 1095 1699 nostro,
1110 1624 1277 1702 antequam

115 1728 270 1806 peccaret,
285 1721 429 1786 similiter
444 1722 585 1800 dederat;
607 1727 678 1806 post
692 1728 855 1806 peccatum
870 1728 975 1786 autem
989 1743 1052 1786 non
1069 1723 1131 1786 iam
1145 1720 1276 1786 manda·

116 1829 181 1888 tum
197 1826 354 1888 societatis
371 1831 402 1888 et
416 1827 657 1910 propinquitatis
672 1847 708 1890 ae
725 1824 902 1888 dilectionis
923 1829 989 1888 erat
1009 1831 1040 1887 et
1060 1825 1276 1906 fraternitatis,

116 1926 170 1990 scd
192 1927 350 1991 timendae
373 1927 561 1992 severitatisi
584 1928 735 1992 iudicium
757 1927 961 2009 decernebat,
981 1930 1013 1990 in
1037 1927 1276 1992 contemnendis

117 2028 192 2113 legis
207 2031 373 2094 sententiis
389 2030 520 2112 scilicet,
536 2035 569 2094 ut
584 2034 679 2094 etiam
694 2033 738 2094 ait
751 2029 888 2094 Mosesk:
910 2031 1099 2094 Maledictus
1112 2033 1209 2094 oannis
1221 2033 1279 2116 qui

116 2134 148 2196 io
163 2133 307 2218 lapitensis
320 2155 384 2196 aon
393 2137 604 2218 pertractarit
619 2133 694 2198 libri
707 2134 808 2198 deice.
845 2133 918 2198 ldeo
940 2138 973 2196 et
993 2133 1127 2197 salvator
1148 2153 1226 2217 quae
1243 2136 1276 2199 in

117 2233 181 2316 lege
198 2235 282 2299 dicta
295 2235 420 2300 fuerant
435 2237 633 2319 admonebat,
642 2242 681 2318 ¹et
695 2257 773 2319 quae
789 2243 862 2300 ante
877 2236 978 2320 legem
993 2235 1066 2300 data
1079 2237 1203 2300 lucrant
1217 2236 1275 2302 sub

116 2337 178 2400 illis
194 2338 385 2402 beatissimis
401 2339 633 2424 comprobabat,
648 2346 684 2402 ut
698 2360 787 2402 suam
803 2339 978 2403 doctrinam
999 2338 1122 2403 illorum
1137 2342 1276 2424 priorum

118 2443 328 2524 coniungeret,
342 2441 571 2534 multorumque
588 2445 632 2505 ita
647 2441 840 2506 credentium
852 2447 884 2504 et
895 2445 1149 2506 circumcisorum
1160 2445 1276 2528 paritor

118 2542 285 2629 copularet,
301 2550 334 2607 et
347 2545 536 2608 naturalium
551 2545 672 2626 itidem,
687 2544 721 2608 id
736 2551 784 2608 est
798 2547 938 2627 gentium
955 2544 1159 2626 credentium,
1175 2548 1274 2610 socia·

116 2653 174 2728 ret,
188 2668 225 2711 ac
241 2645 424 2728 nolentium,
440 2647 625 2712 ludaeorum
639 2647 831 2731 chorumque
842 2647 1093 2712 increduhtatcm
1105 2654 1137 2712 et
1148 2651 1275 2733 imperi-

117 2751 192 2815 tiam
207 2752 407 2815 coniunctam
421 2757 621 2835 utrorumque
636 2749 900 2816 ²9condemnaret.

181 2936 221 2990 26.
235 2953 266 2988 ca
285 2937 396 3006 lentibus
409 2938 459 2991 Ae.
473 2938 637 3008 cupientibus
649 2939 747 3009 reliqui.
794 2937 835 2992 27.
848 2939 990 2991 celebratur
1002 2939 1024 2993 b.
1070 2937 1111 2991 28.
1123 2937 1276 2996 Mandatum

116 3011 201 3058 aulem
215 3006 250 3058 Δ.
291 3006 414 3058 undalum
426 3008 525 3075 reliqui.
578 3007 618 3060 29.
635 3008 696 3060 Post
711 3025 795 3059 vocem
807 3007 1028 3060 condemnatores
1043 3007 1073 3061 B.
1087 3009 1276 3078 loquuturhacc

115 3075 190 3126 cerba
202 3089 353 3128 ruruasruu
366 3090 486 3129 srrscerr
499 3093 645 3130 usrxrnssrs
658 3093 816 3132 aususausus
830 3091 964 3130 cananaei
977 3093 1053 3132 streis.
1070 3105 1101 3118 -·

151 3296 174 3333 o.
197 3279 381 3350 quaerentibus
399 3287 424 3333 et
436 3279 610 3351 capientibus]
631 3281 671 3334 lta
755 3284 771 3335 i.
797 3283 927 3336 timendae
946 3283 1107 3351 serenatis]
1124 3284 1276 3355 Lagentium

114 3347 251 3418 legendum
269 3367 315 3420 pro
334 3351 490 3418 cupientibus
510 3351 555 3402 rix
570 3350 670 3402 dubita·
721 3359 795 3420 puto:
821 3351 970 3414 ,Scroitatis
986 3355 1107 3406 iudicum
1126 3357 1276 3408 dec-eracha-

114 3416 160 3482 his,
177 3419 200 3470 si
217 3424 295 3488 caput
315 3417 408 3470 lauet
423 3417 476 3470 146.
494 3423 520 3471 et
536 3419 569 3470 ad
579 3417 670 3472 haeca
721 3421 785 3472 tar.”
802 3420 920 3473 ltaenim
932 3437 1023 3492 supra:
1045 3422 1138 3484 ,Quod
1149 3444 1166 3474 a
1179 3427 1276 3476 ‹lemiao

113 3499 153 3538 me
165 3493 256 3538 notata
267 3487 413 3539 contuleris.
449 3487 506 3550 (F.)
720 3507 792 3540 servo
804 3491 899 3541 dicitur
916 3500 941 3541 et
957 3493 1125 3543 decernitur.”
1149 3491 1182 3544 Et
1198 3509 1273 3546 mox:

145 3554 164 3607 l'.
189 3560 217 3608 ut
237 3556 274 3608 ait
293 3557 444 3625 apostolus]
473 3555 666 3610 Rom.111.27.
723 3559 955 3622 ,Adicere-aram
970 3564 1103 3610 ome'cusot
1112 3561 1210 3628 fidelis,
1231 3571 1277 3614 aut

116 3621 168 3686 ,διὰ
180 3625 258 3692 νόμου
271 3623 399 3683 πίστεως.”
434 3623 491 3688 (F.)
719 3635 881 3692 eorrtemaere,
890 3629 1276 3696 utseroussudlepesubicctua.“

135 3707 160 3760 g.
177 3698 208 3744 ut
219 3691 456 3758 amicusctfidehs]
473 3691 538 3746 Vide
547 3692 600 3746 loh.
610 3694 668 3748 XV.
719 3695 826 3760 (Febr.)

116 3759 152 3813 14.
170 3761 207 3812 15.
219 3759 311 3816 maoth.
322 3759 419 3814 XXIV.
429 3761 564 3816 4111111.
574 3761 614 3815 21.
627 3780 666 3833 sq.

114 3827 218 3892 (Febr.)
560 3901 565 3912 Ι
604 3901 610 3912 1
752 3831 779 3887 lr.
797 3833 914 3914 utetiam
923 3833 1066 3914 aithloses]
1086 3831 1274 3888 beutxxvh.

145 3894 169 3948 h.
186 3897 338 3950 mandalum
351 3897 428 3950 dabat
468 3899 506 3950 De
518 3917 546 3951 se
558 3916 669 3954 lnvlcem
720 3899 760 3952 26.
775 3897 982 3984 [Ἐπικατξρατος
996 3904 1042 3961 πᾶς
1052 3902 1178 3971 subpeteret
1190 3900 1217 3963 ὃς
1230 3903 1274 3954 οὐκ

114 3967 229 4018 amandis
253 3965 307 4018 leh.
329 3965 401 4020 XIII.
424 3899 465 4020 dl.
483 3967 540 4022 XV.
566 3968 604 4023 12.
630 3969 668 4021 l'l.
720 3966 815 4040 ἐμμένει
832 3967 856 4020 ἕν
874 3988 932 4022 aaa:
948 3973 999 4030 τοῖς
1016 3969 1099 4039 λόγοις
1120 3971 1214 4031 τούτοις
1231 3977 1274 4024 τοῦ

113 4031 218 4100 (Febr.)
720 4039 797 4106 νόμου
810 4038 897 4090 τούτου
910 4043 1008 4106 ποιῆσαι
1020 4037 1132 4098 αὐτούς.”
1167 4037 1224 4105 (F.)
