3112 4986
247 285 309 351 220
752 281 904 327 anousrnu

246 443 335 528 ponit
349 447 518 523 auctorem,
536 441 689 508 Arabicas
704 461 871 528 possumus
885 461 1083 530 nuncupare;
1103 441 1158 528 qui
1177 439 1324 508 ffixorum
1338 440 1411 507 ani·

247 565 314 610 mas
327 564 397 608 oum
409 544 588 629 corporibus
603 544 683 612 mori
697 551 791 630 atque
806 544 945 628 dissolvi,
960 552 992 610 et
1006 547 1040 609 in
1055 547 1117 610 ihre
1131 543 1229 611 seculi
1242 551 1413 629 utrumque

247 668 416 732 resurgere.
459 647 521 712 Sed
540 649 598 712 hos
624 647 835 734 disputatione
857 647 999 733 OrIgenis
1020 649 1195 734 praesentis
1211 655 1244 712 et
1263 667 1317 713 eos
1332 645 1412 712 allo-

248 753 371 835 quentis
393 749 552 816 celerrime
569 749 644 815 dioit
659 752 757 816 fuisse
771 752 953 818 ¹oorrectos.
989 751 1057 817 Iam
1076 771 1159 817 nunc
1177 751 1251 816 illae
1272 772 1412 816 comme·

246 853 416 919 morandae
443 859 517 917 sunt
534 854 679 918 haereses
705 875 823 940 quaes
847 854 955 938 nobis,
979 875 1043 921 nou
1069 854 1152 940 apud
1171 857 1249 920 istos
1268 859 1413 939 repertae

247 963 331 1039 suut,
346 957 402 1021 sed
416 955 450 1021 in
464 957 713 1023 recordationem
727 966 867 1024 nostram
883 959 1161 1044 quomodocunque
1176 965 1339 1022 venerunt

50 1073 99 1125 ⁰¹1³·
117 1073 229 1114 mxlv·
309 1058 504 1141 Helvidiani,
523 1063 622 1124 exorti
637 1061 677 1126 ab
691 1061 852 1144 HeluidIo,
866 1065 911 1126 ita
924 1061 1097 1145 virginitati
1114 1061 1231 1126 Mariae
1251 1058 1413 1126 contradi·

248 1169 333 1244 cunt,
348 1167 383 1226 ut
395 1183 464 1228 aem
477 1169 549 1246 post
563 1163 721 1232 Christum
735 1165 813 1230 alios
828 1167 923 1230 etiam
938 1165 1018 1230 filios
1030 1165 1068 1230 de
1083 1167 1149 1230 viro
1165 1185 1220 1229 suo
1231 1163 1344 1248 loseph
1355 1181 1413 1248 pe·

246 1269 366 1352 perisse
382 1265 582 1331 contendant
605 1265 668 1331 Sed
682 1271 797 1332 mirum
812 1267 862 1332 ¹ni
877 1271 953 1333 istos
969 1270 1189 1354 praetermisso
1200 1267 1338 1332 Helvidii
1353 1285 1412 1332 no·

209 1359 210 1365 ¹
247 1371 331 1434 miae
347 1366 642 1434 ²Antidioomarhas
656 1369 850 1456 Epiphanius
866 1371 1044 1456 appellavit.

65 1484 115 1534 cu·
128 1483 230 1524 ΜΨ·
310 1471 490 1537 Paterniani
505 1474 667 1538 Inferiores
682 1481 786 1559 partes
806 1473 935 1538 humani
959 1477 1095 1559 corporis
1110 1494 1172 1539 non
1188 1495 1207 1537 a
1221 1473 1295 1554 deo,
1317 1471 1375 1537 sed
1393 1493 1415 1536 a

248 1574 370 1640 diabolo
390 1575 490 1638 scobs
511 1578 688 1662 opinantur,
708 1583 739 1639 ot
759 1580 899 1642 omnium
920 1598 958 1642 ex
979 1577 1041 1642 illis
1062 1578 1204 1664 partibus
1224 1577 1414 1659 flagitiorum

247 1675 407 1742 licentiam
427 1677 601 1744 tribuentes
623 1681 834 1766 impurissime
849 1679 967 1746 vivunt.
1005 1681 1070 1746 Hcs
1089 1683 1183 1745 etiam
1198 1679 1411 1745 venustianos

248 1779 375 1868 quidam
389 1787 511 1848 vocant.

55 1895 105 1946 Car·
118 1893 231 1936 mm
311 1883 566 1950 Tertulhanistao
586 1906 606 1950 a
626 1883 834 1970 Tertulliano,
860 1889 948 1952 cuius
973 1887 1073 1952 multa
1095 1887 1241 1970 leguntur
1263 1884 1413 1972 opuscula

249 1985 506 2073 eloquentissime
526 1992 657 2075 scripte,
677 2009 776 2073 usque
797 1989 836 2053 ad
855 1997 998 2055 nostrum
1018 1997 1142 2078 tempus
1162 1988 1314 2076 paulatim
1333 1987 1412 2054 deli·

249 2093 380 2174 cientes,
399 2093 433 2156 in
449 2094 596 2156 extremis
619 2092 759 2176 reliquiis
780 2091 891 2157 durare
911 2077 1081 2179 potuerunt
1099 2095 1132 2158 in
1153 2093 1230 2157 urbe
1250 2090 1413 2175 Carthagi·

249 2197 355 2261 aeusi:
376 2215 427 2260 me
443 2201 547 2258 autem
562 2195 606 2259 ibi
622 2197 723 2280 posito
739 2202 811 2259 ente
827 2195 946 2280 aliquot
959 2217 1069 2280 annos,
1090 2195 1282 2281 quodetiam
1298 2201 1329 2260 te
1345 2216 1413 2259 me·

249 2300 379 2364 minisss
395 2299 538 2380 arbItror,
554 2301 638 2363 omni
654 2319 692 2361 ex
707 2304 794 2383 parte
810 2302 988 2384 consumpti
1003 2306 1085 2366 sunt.
1119 2299 1304 2364 Paucissimi
1328 2301 1413 2364 euim

250 2404 304 2489 qui
325 2408 541 2466 remanserant
564 2401 598 2466 iu
625 2400 810 2468 catholicam
834 2405 1041 2489 transierunt,
1067 2423 1217 2486 suamque
1239 2401 1414 2479 basilicam,

250 2525 328 2592 quae
344 2526 427 2570 nunc
443 2506 538 2568 etiarn
552 2507 717 2570 notissima
731 2512 795 2588 est,
816 2503 986 2571 catholicae
1001 2505 1207 2570 tradiderunt.
1244 2503 1413 2569 Tertullia-

249 2597 309 2675 nus
324 2629 419 2692 ergo,
444 2611 526 2672 siout
545 2612 662 2695 scripta
683 2611 749 2673 eius
771 2608 931 2691 indicant,
953 2612 1090 2673 animam
1113 2607 1190 2673 dicit
1203 2606 1413 2672 immortalem

251 2712 395 2800 quidem,
415 2711 555 2776 sedeam
571 2733 682 2797 corpus
699 2733 767 2777 asse
786 2712 965 2795 contendit,
985 2731 1085 2797 neque
1100 2710 1181 2776 hano
1197 2717 1339 2794 tantum,
1360 2709 1415 2780 sed

250 2819 355 2902 ipsum
376 2816 489 2879 ¹etiam
511 2813 614 2879 deum.
660 2815 725 2880 Neo
744 2822 850 2879 tamon
869 2813 943 2880 hius
963 2815 1138 2880 haereticus
1164 2812 1278 2878 dicitur
1303 2814 1414 2879 scotus.

250 2919 361 2986 Posset
376 2919 461 2982 enim
476 2937 600 3002 quoquo
618 2919 711 2984 modo
734 2921 837 3004 putari
856 2919 958 3004 ipsam
979 2925 1122 2984 naturam
1145 2919 1415 3002 substantiamque

252 3023 391 3087 divinam
408 3041 519 3106 corpus
533 3041 655 3103 vocare,
671 3041 734 3086 non
748 3021 811 3085 tale
827 3041 939 3106 corpus
956 3024 1042 3086 onius
1056 3029 1161 3108 partes
1177 3021 1263 3087 aliae·
1271 3023 1417 3102 maiores,

252 3123 330 3190 aliae
345 3125 482 3188 minores
497 3123 623 3187 valeant
637 3123 687 3188 vel
703 3123 839 3188 debeant
854 3126 992 3208 eogitari,
1008 3125 1112 3208 qualia
1127 3131 1201 3191 suut
1215 3127 1320 3189 omnia
1337 3145 1416 3208 quae

183 3261 185 3267 ·
252 3231 375 3316 proprie
396 3225 528 3290 dicimus
551 3247 693 3312 corpora3
714 3230 856 3311 quamuis
878 3226 916 3291 de
940 3231 1045 3292 aalma
1064 3228 1127 3292 tale
1147 3227 1265 3312 aliquId
1286 3229 1416 3291 sentiat:

253 3331 309 3398 sed
323 3331 440 3416 potuit,
456 3335 491 3393 ut
505 3329 581 3413 dixi,
595 3335 760 3416 propterea
774 3333 878 3416 putari
893 3351 1004 3416 corpus
1021 3331 1115 3396 deum
1130 3333 1249 3414 dicero,
1265 3331 1417 3415 quianon

253 3441 302 3500 est
321 3433 418 3514 nihil,
438 3451 501 3498 non
521 3441 570 3498 cst
589 3435 741 3516 inanitas,
762 3451 825 3499 non
848 3439 896 3498 est
912 3438 1048 3520 corporis
1067 3435 1117 3500 vel
1132 3438 1254 3499 animae
1270 3433 1419 3518 qualitas,

253 3537 309 3604 sed
324 3537 439 3620 ubique
454 3541 553 3620 totus,
577 3543 609 3601 et
621 3557 679 3622 per
693 3537 832 3602 locorum
854 3541 954 3623 spatia
968 3536 1055 3602 nulla
1077 3541 1225 3623 pertitus,
1247 3541 1280 3601 in
1296 3557 1355 3601 sua
1368 3541 1418 3600 ia·

252 3663 325 3709 men
346 3646 458 3705 natura
477 3645 569 3726 atque
591 3641 767 3704 substantia
786 3639 1023 3705 immutabiliter
1043 3647 1216 3726 permanet.
1253 3639 1324 3706 Non
1345 3659 1418 3723 ergo

211 3773 218 3786 ·
253 3744 323 3810 ideo
339 3749 387 3808 est
402 3741 613 3806 Tertullianus
628 3743 728 3807 lactus
748 3741 938 3826 haereticus,
959 3743 1014 3807 sed
1035 3746 1108 3828 quia
1123 3745 1279 3808 transiens
1299 3741 1340 3808 ad
1357 3741 1418 3807 Ca·

253 3847 436 3935 taphryges,
467 3865 544 3929 quos
576 3851 647 3910 aute
677 3847 888 3930 destruxerat,
918 3849 1020 3932 coepit
1050 3850 1145 3912 etiam
1176 3845 1330 3911 secundas
1357 3865 1419 3911 nu·

253 3953 335 4038 ptias
351 3956 460 4016 contra
473 3947 695 4035 ²epostolioam
710 3949 884 4014 doctrinam
898 3955 1049 4033 tauquam
1072 3957 1180 4036 stupra
1199 3949 1366 4032 damnare,
1387 3956 1420 4013 et

321 4169 384 4240 Gap.
396 4167 543 4224 LXXXIII.
555 4199 589 4210 -
609 4171 631 4232 l.
645 4169 675 4224 V.
687 4169 782 4225 lluseb.
794 4169 839 4224 lib.
850 4169 894 4225 Vl.
906 4185 961 4240 rap.
974 4169 1015 4224 37.
1030 4161 1036 4168 ⁸
1050 4169 1170 4240 (Benedl

321 4237 588 4310 cap.uxxxrv.-
613 4240 634 4292 l.
647 4239 681 4292 In
691 4257 749 4294 msa.
773 4239 825 4292 Sed
836 4239 959 4294 nimirum
971 4240 1044 4294 istos.
1080 4238 1199 4308 (Benedl
1250 4234 1419 4291 ahmam-

176 4349 178 4352 .
256 4307 429 4378 μαριανίταςΕ
449 4308 457 4358 i
475 4306 727 4428 huniusappellauit.
763 4307 882 4378 (Benedl
990 4369 991 4378 ἵ

324 4376 385 4446 Cap.
397 4375 418 4430 L
501 4375 542 4428 VI.
555 4407 589 4417 -
629 4415 636 4429 .
653 4375 729 4430 Editr'
739 4376 785 4428 sed
797 4393 854 4429 earn
866 4375 1011 4448 effigiatum
1024 4393 1118 4448 corpus
1136 4391 1195 4429 esso
1211 4375 1357 4429 contendit:
1373 4391 1419 4428 ne·

257 4461 307 4512 que
318 4443 384 4498 hano
397 4449 508 4508 annm.
525 4443 570 4497 sed
581 4445 668 4514 ipsum
680 4447 759 4498 etiam
771 4445 849 4499 deum
860 4461 1013 4514 corporeum
1025 4462 1083 4500 esse
1095 4445 1166 4508 dicit,
1181 4445 1242 4512 lieet
1252 4461 1305 4499 non
1316 4443 1419 4514 effigia·

256 4511 503 4634 pargnffilllvepgtamen
519 4509 580 4566 hinc
591 4521 638 4566 etc.
651 4512 826 4584 &pamm
837 4529 902 4584 quae
914 4514 1006 4568 obruad
1015 4533 1033 4568 c
1045 4513 1118 4568 MSS.
1137 4511 1256 4584 (Beued.)
1308 4511 1331 4566 2.
1344 4509 1364 4566 l.
1376 4511 1418 4566 lt·
