3100 4980
1219 293 1280 360 359

110 447 142 500 1ο
165 447 173 458 ’
192 487 198 500 .
223 443 327 500 Nicator
337 447 365 500 iu
376 443 497 502 Naaiana.
515 451 578 500 tom.
591 445 615 500 2.
632 445 747 500 101927.
772 445 810 498 Au
850 447 933 500 sbuus
950 445 983 498 ad
993 443 1159 498 pascentium
1171 445 1283 516 epistola

111 514 134 566 C
159 513 258 566 XXIV.
281 512 440 584 Epiphanius
457 521 548 566 contra
564 515 669 568 titium
685 512 785 566 haeres.
798 515 831 566 L'
874 512 915 567 VI.
939 513 1097 568 Athanasius
1113 514 1141 567 iu
1158 515 1281 585 disputat.

110 589 211 636 eontra
221 583 326 636 Arrium
338 591 400 636 tom.
414 581 445 637 11.
457 582 502 636 Iol.
514 582 572 637 374.
584 583 686 637 scribit:
701 599 760 634 cum
772 582 921 636 SabeIIIana
932 581 1047 638 haeresis
1057 583 1175 652 genitum
1185 599 1219 638 ex
1230 585 1281 638 vin·

111 652 181 720 gine
193 656 293 720 patrem
305 651 430 704 voluisset
442 667 565 714 asserere,
578 647 707 731 &pictores
719 657 809 704 oonba
820 649 886 704 hanc
899 649 1047 704 confitendo
1060 651 1169 704 ecclesia
1177 652 1283 706 tradidit

110 723 227 788 patrem.
245 718 275 772 In
286 719 330 771 lib.
343 719 439 788 dialog.
456 719 487 772 de
504 719 530 772 S.
543 721 656 772 trinitate
670 717 692 774 2.
710 719 755 772 iol
770 719 825 772 160.
841 719 895 773 161.
911 718 965 772 162.
979 725 1004 770 at
1018 718 1073 772 164.
1091 735 1151 774 curu
1168 719 1280 790 Epipha-

112 788 162 840 nio
177 793 267 840 contra
279 787 467 840 Semiarrianos
479 786 578 842 haeres.
591 787 709 840 LXXIII.
722 793 748 840 et
758 787 877 841 Ambros.
895 787 926 840 de
938 787 1063 841 incarnat.
1076 787 1228 841 Dominioae
1240 805 1281 842 sa·

111 871 200 912 cram.
213 872 244 908 ca
263 897 270 909 .
283 855 348 910 VIII.
361 861 387 909 et
398 855 444 908 IX.
457 857 565 909 verbum
577 853 707 924 ἀγέννητον
725 859 770 924 (ex
788 871 840 925 quo
853 856 944 908 attins
954 861 983 908 ot
993 857 1083 912 Arrius
1096 856 1204 925 probare
1215 857 1281 910 uite·

112 925 224 988 bantur,
236 873 342 976 silenus
356 925 517 978 substantias
530 941 588 977 esse
600 931 709 994 patrem,
722 925 828 978 altarius
840 923 931 987 filium,
945 925 1014 993 quod
1025 925 1068 976 iIIe
1080 925 1226 994 ingenitus,
1237 926 1281 978 illa

113 993 226 1062 genitus
238 992 374 1061 dicereturl
387 994 464 1062 plane
476 993 566 1056 reiicit,
579 999 605 1044 et
616 999 715 1062 patrem
727 1009 779 1045 uon
791 993 950 1064 Ingentum,
967 992 1012 1044 sed
1025 998 1125 1062 patrem
1136 1009 1196 1046 cum
1208 1009 1282 1046 sacra

111 1062 247 1132 scriptura
259 1060 403 1125 dicendum,
417 1061 538 1116 affirmat.

188 1129 206 1182 S
226 1129 300 1184 iritus
317 1136 422 1182 sanctus
439 1131 508 1200 patri
523 1136 549 1182 et
566 1129 619 1182 filio
636 1131 799 1196 coaeternus]
824 1130 986 1199 Augustinus
1004 1129 1035 1182 de
1051 1129 1102 1182 fide
1119 1135 1145 1182 et
1161 1130 1280 1199 symbolo
1357 1159 1363 1174 ·

113 1205 183 1250 tom.
196 1147 240 1250 111.
251 1197 296 1252 fol.
311 1197 366 1250 102.
379 1215 434 1268 cap.
448 1199 493 1252 IX.
516 1199 629 1268 Spiritus
643 1207 747 1250 cunctus
764 1217 811 1250 nou
829 1201 859 1250 de
872 1203 966 1250 minore
979 1208 1073 1250 narcara
1086 1217 1159 1267 quum
1167 1207 1246 1268 paler
1258 1205 1283 1252 et

105 1269 187 1336 filius
199 1276 246 1329 eat,
264 1269 310 1318 sed
320 1275 347 1316 ut
358 1270 395 1320 ita
408 1269 506 1328 dicuin,
523 1268 744 1318 corcmbstunlt'ah'a
757 1276 779 1317 et
792 1275 950 1329 coaeternus,
968 1271 1028 1336 puin
1041 1271 1091 1318 ieta
1105 1270 1207 1318 trinitas
1219 1283 1282 1318 unua

24 1359 27 1364 ν
114 1344 155 1386 est
169 1337 236 1387 deria.
254 1333 318 1386 Vide
332 1333 419 1388 Iohan.
432 1335 626 1388 Damasceuum
638 1335 668 1387 de
680 1333 731 1386 fida
744 1333 889 1388 orthodoxa
899 1335 944 1387 lib.
957 1333 976 1388 1.
989 1352 1011 1390 c.
1023 1335 1058 1390 X.
1071 1341 1097 1386 et
1107 1333 1201 1388 XVIII.

170 1401 229 1456 Non
241 1402 351 1456 confusa
362 1403 389 1455 in
402 1419 454 1456 una
465 1419 576 1472 persona
587 1403 702 1466 trinitas,
715 1404 782 1455 siout
794 1403 923 1456 Sabellicus
936 1403 1007 1469 dicit]
1036 1403 1165 1456 Honorius
1177 1402 1208 1456 de
1220 1399 1281 1456 hae·

114 1488 171 1552 ras.
181 1471 324 1522 Sabelliani
337 1490 411 1523 uuum
420 1490 556 1540 personam
586 1476 652 1522 utria
662 1473 744 1591 sigilii
754 1481 777 1522 et
785 1475 891 1592 spiritus
899 1474 985 1552 adtacti
999 1473 1139 1552 adstruunt.
1163 1471 1281 1524 Vincunt.

115 1541 247 1592 Lmnens.
260 1545 351 1592 contra
361 1538 457 1592 haeret.
471 1556 492 1591 c.
504 1540 557 1606 XX
586 1539 628 1590 1V.
652 1539 683 1592 m
703 1557 778 1608 ymos
814 1539 982 1592 laxandrrnns
999 1555 1025 1591 rn
1043 1555 1056 1591 e
1075 1539 1179 1591 rstolam
1195 1537 1249 1592 Iob.
1261 1535 1280 1592 1.

114 1625 139 1661 c.
153 1607 185 1662 V.
203 1607 292 1659 Victor
304 1607 335 1660 de
347 1606 397 1659 fide
410 1607 543 1660 catholica.
562 1607 702 1660 Cassianus
715 1608 746 1660 de
758 1609 883 1661 incarnat.
895 1605 989 1660 Christi
1001 1556 1073 1658 libi.
1091 1607 1202 1676 Vigilius
1212 1605 1281 1660 Mar·

114 1674 731 1866 {tacitatacitatitillat?
733 1693 760 1796 tf
761 1675 1015 1812 ‘illabili‘uhi‘a
1024 1675 1147 1813 latit?
1155 1675 1281 1796 1191111

135 1829 199 1865 orus
212 1811 371 1882 Hispalensis
384 1814 448 1883 orig.
461 1813 504 1867 Iib.
519 1811 583 1866 VIII.
597 1829 618 1864 c.
632 1813 661 1868 V.
679 1812 698 1864 P
718 1813 831 1864 ilustrius
843 1811 942 1866 haeres.
956 1809 1019 1863 LlV.
1037 1809 1125 1864 Iohau.
1137 1809 1281 1864 Monachus

115 1884 145 1934 iu
160 1895 261 1932 cauom
273 1888 363 1933 contra
375 1897 465 1933 omnes
477 1879 598 1934 haereses
611 1887 673 1932 lom.
687 1880 730 1932 IV.
744 1878 859 1932 biblioth.
871 1885 983 1950 patrum.
1008 1879 1183 1933 Theodoretus
1200 1880 1244 1932 lih.
1257 1879 1282 1932 2.

115 1949 201 2002 fabul.
214 1947 310 2001 haerat.
337 1949 490 2018 Fulgentius
508 1949 539 2001 de
557 1947 607 2000 fide
620 1948 764 2001 orthodoxa
781 1948 813 2000 ad
826 1949 956 2000 Donatum
973 1947 1016 2000 fol.
1030 1947 1070 2001 94.
1096 1947 1235 2002 Faustinus
1251 1947 1282 2002 de

115 2017 172 2070 fida
185 2023 274 2069 contra
286 2017 408 2070 Arrianus
421 2017 530 2070 101770.
550 2015 672 2068 Rusticus
682 2018 708 2070 in
719 2018 762 2071 lib.
770 2017 801 2068 de
811 2015 869 2070 fide.
887 2015 1046 2086 Nicephorus
1055 2016 1176 2069 Callistus
1186 2017 1231 2071 lib.
1239 2015 1282 2068 v1.

116 2103 140 2138 c.
153 2085 241 2206 XXV.
258 2085 310 2138 Leo
324 2084 369 2206 [³12³.
383 2103 458 2138 serm.
471 2083 512 2138 lV.
526 2085 556 2137 de
569 2083 708 2138 Nativitate
721 2085 818 2138 domini
830 2100 891 2154 pag.
903 2083 944 2138 37.
967 2085 1119 2138 Ambrosius
1131 2085 1159 2138 in
1171 2083 1281 2154 symbol.

116 2161 330 2207 aostoorumc.
360 2194 366 2206 .

132 2171 151 2224 p
173 2221 211 2274 Ne
230 2239 262 2274 ue
275 2239 303 2274 se
323 2228 395 2274 arata
407 2228 451 2274 aut
463 2222 546 2274 diuisa
560 2221 585 2274 in
598 2227 691 2274 natura
704 2221 840 2286 diviuitas,
852 2227 881 2274 ut
893 2222 982 2274 Arrius
995 2221 1169 2290 blasphemat]
1187 2221 1282 2276 Procu-

117 2293 163 2344 lus
176 2239 269 2343 dehde
282 2240 321 2343 aci)
327 2291 462 2368 Armenius
475 2291 520 2344 sol.
533 2289 591 2342 413.
612 2290 751 2358 Fuqr'anura
762 2292 840 2342 Arrii
851 2295 1013 2352 rrccsnniom,
1030 2293 1073 2357 qai
1090 2293 1226 2342 trinitatem
1244 2293 1282 2342 in·

116 2359 292 2429 separabilem
304 2360 562 2412 eubatonrtcsdiridlt.
591 2358 701 2427 Cyrillus
719 2359 745 2410 iu
758 2357 845 2411 Iohan.
865 2358 908 2410 lib.
922 2357 975 2410 VII.
993 2373 1048 2427 cap.
1061 2358 1095 2411 X.
1122 2357 1281 2411 Athanasius

118 2433 185 2480 tom.
201 2427 222 2479 l.
234 2427 278 2480 Iol.
291 2427 349 2479 444.
367 2427 399 2479 de
412 2427 537 2482 incarnat.
555 2425 649 2479 Christi
667 2427 782 2478 101490.
800 2433 863 2480 orat.
876 2427 906 2480 V.
924 2431 1014 2478 contra
1030 2426 1153 2478 Arrianus
1165 2425 1209 2479 fol.
1222 2425 1282 2480 323.

117 2495 251 2549 Honorius
268 2496 297 2548 in
314 2497 432 2565 catalogo
450 2495 481 2547 de
498 2495 597 2548 haeres.
615 2495 751 2548 CaesarIus
769 2495 864 2564 dialog.
877 2495 896 2548 1.
914 2494 1027 2546 Isidorus
1046 2494 1140 2562 origin.
1156 2494 1200 2546 Iib.
1213 2493 1280 2549 VIII.

117 2563 213 2686 {31th
216 2606 221 2618 .
235 2563 346 2685 hegfflth
359 2565 486 2684 M'pnuelis
496 2563 566 2684 {supp
583 2564 615 2616 ad
633 2565 767 2616 Armenios
785 2578 845 2633 pag.
858 2563 899 2615 57.
916 2569 943 2614 et
954 2561 994 2615 89.
1012 2561 1171 2632 Epiphanius
1183 2561 1281 2616 baares.

212 2671 218 2684 .
259 2649 275 2685 u
314 2650 373 2684 sn.
403 2649 484 2685 aeres.
531 2675 536 2686 .

174 2701 244 2753 Altar
255 2649 404 2771 inghcrsona
415 2701 497 2768 tilius]
516 2701 612 2753 Contra
622 2700 764 2753 haereticos
778 2701 822 2769 qui
834 2699 955 2756 dicuntur
967 2698 1028 2750 κατὰ
1040 2697 1202 2751 AeschInem.
1221 2697 1282 2752 Ter·

118 2769 247 2822 tullianus
263 2770 457 2840 praescription.
476 2769 598 2822 aduersus
614 2769 710 2822 haeret.
730 2784 786 2838 cap.
803 2768 855 2820 LII.
882 2767 1017 2819 Privatam
1035 2767 1216 2836 blasphemiam
1234 2767 1281 2832 llll,

119 2841 231 2906 qrra'sunt
241 2835 302 2888 κατὰ
315 2838 464 2888 Aeschinem
477 2838 544 2888 hauc
557 2839 655 2900 hubent,
669 2846 696 2888 ut
707 2840 803 2896 dabant,
817 2836 944 2888 Christum
957 2840 1037 2906 ipsum
1049 2853 1101 2888 ease
1107 2837 1190 2904 filium
1203 2844 1227 2887 et
1231 2853 1281 2906 p·

119 2915 194 2958 trcm.
211 2905 267 2957 Vid.
280 2907 417 2975 Augustin.
432 2906 525 2958 deiide
538 2913 563 2958 et
575 2907 693 2974 symbolo
707 2921 761 2975 cap.
774 2905 821 2959 lX.

175 2973 226 3026 Sed
237 2975 301 3026 alter
310 2975 336 3026 in
347 2991 457 3043 persona
484 2981 546 3038 ater,
556 2975 621 3027 altar
629 2975 655 3027 iu
666 2989 778 3044 persona
786 2973 868 3040 lilius]
880 2971 1041 3025 Lombardus
1052 2971 1096 3024 lib.
1103 2969 1122 3024 1.
1130 2971 1242 3025 distinet.
1249 2969 1281 3027 11.

123 3041 150 3093 T
147 3059 263 3094 susumus
274 3051 389 3111 potrum,
407 3051 430 3094 el
441 2991 535 3112 fliium,
554 3051 578 3094 ct
592 3047 710 3112 spiritam
725 3049 851 3104 sunctum,
867 3059 942 3092 unum
959 3058 1011 3094 csse
1029 3042 1184 3092 naturaliter
1201 3041 1280 3096 deum.

119 3111 212 3178 Neque
224 3119 305 3162 lamec
316 3115 398 3179 ipram
407 3121 508 3180 lintrem
522 3127 581 3174 esse,
594 3113 713 3180 qnlfib'aa
725 3120 774 3162 cat:
788 3129 831 3162 uec
843 3112 921 3172 filiam
932 3114 1013 3179 ipsum
1023 3125 1087 3172 ease,
1100 3112 1143 3176 qui
1150 3117 1229 3178 puter
1238 3117 1281 3172 col,

120 3195 169 3232 nec
185 3181 301 3247 spiritum
313 3189 426 3230 cunctum
440 3184 519 3250 speum
531 3195 596 3242 esse,
609 3183 652 3247 pus*
663 3187 742 3248 puter
754 3181 875 3247 uatſsllus
888 3187 931 3230 sal.
959 3177 1015 3230 Una
1027 3185 1065 3230 eat
1075 3181 1137 3228 cuim
1146 3181 1245 3246 putria,
1259 3187 1284 3230 et

113 3249 180 3317 filli,
193 3256 217 3298 et
227 3251 333 3316 spiritus
344 3253 430 3299 nancti
441 3251 560 3310 essentia,
579 3265 653 3315 quum
668 3249 765 3299 Graeci
777 3242 909 3316 hpooriucov
922 3248 1066 3316 appellunt,
1081 3249 1109 3296 a'a
1125 3262 1174 3314 quc
1186 3253 1283 3298 nonest

119 3316 198 3366 uliud
226 3323 294 3378 uter,
307 3317 468 3384 uliudfilius‚
481 3319 554 3368 uliud
564 3319 670 3386 spiritua
679 3325 797 3378 sanctem,-
809 3319 923 3383 wcmra's
933 3315 1145 3384 aliperaoaalc'ler
1157 3315 1224 3365 aliua
1233 3333 1281 3384 pu·

121 3393 175 3447 rer,
187 3331 342 3452 aiicufitlaa,
356 3386 446 3435 alinea
470 3389 539 3436 'ntus
549 3393 660 3436 sanctus.
690 3384 828 3452 Angustia.
847 3383 879 3435 ad
891 3383 998 3436 MaxIm.
1010 3381 1141 3434 Medicum
1154 3382 1227 3452 epist.
1240 3381 1280 3434 66.

119 3453 155 3504 de
171 3450 298 3521 'I'empore
315 3455 415 3506 cerm.¹
456 3451 549 3505 XVIII.
572 3453 726 3506 Anastasius
742 3452 774 3504 da
787 3451 953 3518 dogmatibus
965 3450 1026 3502 fidei
1037 3449 1082 3503 iol.
1096 3449 1154 3502 676.
1176 3449 1281 3503 Tertull.
1384 3507 1386 3511 ,

119 3519 248 3572 adversus
260 3519 387 3572 Praxeam
399 3535 455 3590 cap.
469 3521 493 3574 ⁶2.
511 3521 622 3574 HilarIus
639 3521 682 3573 lib.
698 3521 719 3572 l.
731 3521 762 3572 de
775 3519 801 3572 S.
814 3519 947 3572 Trinitate.
972 3518 1123 3570 Vincentius
1140 3517 1281 3574 Lirinensis

119 3588 156 3640 do
167 3586 525 3727 hiiarmhncsshshff'spincus
543 3660 659 3724 sanctus]
683 3657 778 3710 Contra
790 3655 913 3709 Urbicum
927 3655 1105 3720 Potentinum,
1123 3655 1168 3776 {ui
1180 3655 1282 3708 dicebat

120 3725 245 3794 spititum
256 3732 374 3806 sanctum
387 3731 433 3778 aut
444 3741 501 3778 esse
519 3731 617 3795 patrem
635 3733 681 3778 aut
697 3726 794 3790 filium,
811 3731 856 3778 aut
871 3729 939 3778 certe
956 3729 1108 3778 creaturam.
1148 3721 1281 3778 tbauasius

120 3793 494 3914 mohffudsnrhlathhhsihlhahiclia
504 3793 693 3915 inhiihthlcieus
705 3864 788 3982 pater]
820 3861 903 3915 Autor
919 3862 951 3914 de
965 3861 1017 3915 tide
1029 3861 1063 3914 ad
1074 3860 1178 3914 Petrum
1189 3859 1281 3914 Diaeu-

120 3945 188 3984 num
206 3929 273 3999 apud
290 3931 429 4000 Angustia.
447 3936 509 3984 tom.
521 3930 565 3983 III.
583 3946 638 4000 cap.
650 3929 669 3984 1.
682 3931 726 3983 Io.
742 3931 796 3984 149.
820 3931 1005 3999 Prae'aorpallrer
1022 3939 1096 3997 utque
1111 3929 1282 3981 indubitanter

121 4006 174 4050 toto
186 4000 262 4050 corde
273 4004 361 4082 ratius,
369 4007 471 4120 putrem
484 4000 554 4081 deum
561 4037 568 4062 ‚
574 4000 657 4067 filium
670 4001 752 4061 dcam,
765 4007 790 4049 et
799 4003 915 4080 spiritam
926 4007 1039 4050 auactmn
1049 3999 1127 4060 dcam,
1138 3999 1168 4048 r'cl
1178 4006 1281 4080 catrap-

121 4075 279 4146 cturaatqae
290 4071 369 4148 rucffu
384 4068 443 4147 alem
459 4071 597 4118 trlmtotem
613 4085 687 4146 aarum
699 4085 751 4118 ease
763 4067 917 4148 cowrclalcr
930 4069 1000 4120 deam
1014 4075 1060 4119 etc.
1075 4063 1281 4148 ‘Athanaslusnn

121 4140 249 4214 rescripto
262 4135 294 4187 ad
305 4135 435 4188 Liberium
447 4133 495 4186 ΡΡ.
508 4135 552 4216 Iol.
566 4133 623 4216 aas.
641 4135 789 4254 Hieronpm.
803 4137 834 4187 de
845 4136 909 4198 allas,
928 4153 991 4216 pcae
1007 4136 1052 4186 deo
1069 4151 1096 4184 m
1106 4131 1132 4185 S.
1145 4143 1282 4202 serapnim

121 4204 277 4256 traducatur.
294 4203 367 4257 Tum.
380 4203 425 4258 IX.
442 4203 486 4256 fol.
499 4203 540 4255 hl.
555 4202 676 4256 Naarana.
693 4217 720 4254 m
748 4201 840 4254 audam
857 4201 966 4254 Herours
988 4206 1051 4255 orat.
1067 4199 1164 4256 XXIII.
1183 4200 1213 4253 de
1231 4201 1282 4254 fids

121 4277 190 4324 orat.
203 4269 298 4324 XLIX.
317 4271 452 4325 Caesarius
465 4271 559 4340 dialog.
575 4272 595 4323 l.
613 4271 790 4323 Dnmasceuus
806 4270 837 4322 de
854 4270 905 4322 fide
918 4269 1062 4323 orthodoxa
1073 4269 1116 4322 lib.
1131 4270 1152 4321 l.
1165 4285 1221 4340 cap.
1233 4269 1280 4323 XI.

122 4339 239 4394 Cerealis
251 4339 387 4420 episcopus
399 4345 488 4392 cenna
499 4341 673 4392 Maximinum
684 4339 821 4392 Arriauum
833 4352 889 4409 cap.
898 4337 929 4392 11.
938 4337 1038 4392 Psellus
1050 4339 1078 4392 in
1090 4353 1145 4408 cap.
1155 4336 1280 4408 Theolcg.

121 4407 395 4556 οιρῦξρΐςῧμ-Ἢξ
405 4405 785 4556 ἴοὶξξῃὲεῖιῐιθοιῗιᾞοιῗνξὴ]
797 4475 891 4555 Contra
903 4475 1114 4556 l'atrapaeclunos
1125 4479 1151 4528 et
1162 4473 1281 4556 delirium
1296 4497 1300 4508 ’

122 4545 256 4608 Praxeae,
269 4545 314 4614 qui
323 4545 424 4598 dicebat
440 4551 540 4614 patrem
552 4543 713 4598 descendisse
725 4561 753 4598 m
761 4559 897 4612 augment,
909 4561 994 4614 rpsuru
1006 4549 1183 4610 encaustum,
1194 4559 1281 4614 Ipsum
