3112 4986
524 311 859 382 numninsmosureue
1213 343 1274 408 213

169 497 296 563 Attiani
311 497 351 562 ab
366 499 457 562 secio
473 502 546 563 suot
559 499 672 580 vocati,
687 497 844 583 iidemque
857 495 1055 564 Eunomiami
1070 499 1109 564 ab
1120 496 1274 565 Eunomia
1292 513 1343 568 cu·
1356 512 1411 558 MV·

103 601 192 665 Alitii
206 599 375 685 discipulo,
391 619 452 685 quo
468 603 593 665 uomina
608 604 707 684 magis
722 604 933 666 innotuerunt.
969 599 1141 666 Eunomius
1156 605 1273 689 quippe

102 703 140 768 in
155 701 320 768 dialectica
335 703 518 788 praevalens
534 705 654 768 acutius
670 709 702 766 et
727 703 880 769 celebrius
902 703 1042 770 defendit
1060 703 1141 769 hauc
1162 705 1271 768 haere-

102 807 183 886 sim,
204 803 391 870 dissimilem
410 827 467 893 per
486 809 591 871 omnia
605 809 687 892 patri
703 827 846 872 asserens
863 807 977 891 filium,
998 813 1031 872 et
1046 807 1109 872 ilio
1125 809 1272 892 spiritum

103 915 261 973 sanctum.
298 909 408 974 Fertur
422 913 519 974 etiam
533 929 631 994 usque
647 910 725 976 adeo
741 911 837 976 fuisse
852 911 944 976 bonis
958 909 1098 974 moribus
1113 912 1271 994 inimicus,

103 1017 141 1076 nt
155 1018 351 1076 asseveraret
371 1013 454 1097 quod
475 1012 552 1077 nihil
573 1015 684 1098 cuique
705 1013 831 1079 obesset
850 1013 1061 1097 quorumlibet
1080 1015 1270 1098 perpetratio

102 1135 141 1181 ac
156 1119 390 1201 perseverantia
406 1121 621 1202 peccatorum,
641 1117 667 1180 si
682 1114 775 1181 huius
791 1135 871 1204 quae
887 1115 996 1184 abillo
1012 1115 1183 1182 docebatur
1197 1117 1270 1182 fldei

103 1221 264 1307 particeps
279 1225 371 1283 essct.

167 1321 409 1407 Apollinaristae
424 1321 615 1408 Apollinaris
630 1325 782 1406 instituit,
803 1325 856 1407 qui
878 1322 916 1387 de
932 1324 1037 1390 anima
1052 1323 1168 1388 Christi
1184 1343 1202 1386 a
1217 1343 1270 1389 oa·
1288 1337 1340 1390 cu·
1354 1338 1397 1379 bv·
1480 1363 1483 1368 -
1545 1319 1546 1332 ¹

103 1423 222 1491 thohou
236 1425 468 1506 dissenserunt,
483 1425 623 1491 dicentes
639 1429 721 1491 sicut
734 1426 844 1491 Ariani
859 1427 953 1491 deum
969 1426 1128 1492 Christum
1143 1445 1271 1491 caruem

104 1531 172 1593 sine
189 1531 294 1592 anima
310 1529 512 1614 ¹susoepisse.
549 1529 585 1593 ln
601 1549 663 1614 qua
678 1531 858 1614 quaestione
875 1531 1064 1594 testimoniis
1079 1528 1270 1613 evangelicis

103 1634 179 1697 victi
195 1635 350 1713 mentem,
372 1651 433 1715 qua
454 1631 615 1696 rationalis
636 1637 684 1698 est
699 1634 804 1698 anima
819 1632 971 1712 hominis,
991 1629 1131 1696 defuisse
1147 1635 1270 1696 animae

105 1734 234 1816 Christi,
251 1733 307 1798 sed
322 1755 378 1819 pro
393 1733 452 1798 hac
468 1737 572 1819 ipsum
585 1735 718 1800 verbum
733 1738 766 1800 iu
782 1755 817 1800 eo
833 1735 930 1798 luisse
946 1735 1101 1798 dixerunt.
1138 1731 1185 1798 De
1201 1738 1270 1820 ipsa

105 1857 177 1904 vero
193 1839 261 1901 eius
277 1859 368 1904 carne
384 1841 429 1903 sio
444 1859 463 1902 a
478 1843 562 1904 recta
577 1838 636 1903 fide
652 1837 840 1903 dissensisse
854 1837 1069 1924 perhibentur,
1084 1843 1119 1902 ut
1130 1836 1271 1902 dicerent

106 1960 233 2007 carnem
248 1939 333 2004 Illam
348 1947 380 2004 et
394 1941 524 2007 verbum
538 1944 631 2006 unius
647 1942 849 2026 eiusdemque
865 1941 1077 2022 substantiae,
1093 1943 1268 2006 contentio·

105 2046 231 2110 sissima
246 2051 462 2109 asseverantes
478 2045 608 2110 verbum
624 2065 751 2110 carnem
766 2045 896 2127 factum,
909 2045 968 2110 hoo
985 2049 1033 2106 ost
1048 2043 1135 2107 verbi
1151 2043 1270 2130 aliquid

105 2149 137 2212 in
152 2166 281 2211 carnem
294 2147 392 2212 fuisse
408 2169 591 2214 conversum
607 2155 700 2234 atque
715 2155 880 2232 mutatum,
894 2167 957 2213 nou
972 2154 1077 2212 autem
1093 2167 1219 2212 caruem
1231 2145 1269 2212 de

104 2249 218 2316 hieriae
235 2271 328 2316 carue
342 2251 439 2316 fuisse
455 2259 640 2337 susceptam.

166 2351 462 2418 ¹Antidicomeritae
478 2355 625 2442 appellati
642 2361 715 2420 sunt
729 2353 879 2420 haeretici
898 2355 950 2440 qui
965 2353 1082 2420 Mariae
1096 2355 1269 2438 virginitati
1287 2365 1337 2416 cu·
1350 2363 1405 2408 ιιι.
1473 2383 1477 2394 ·

104 2456 294 2540 usqueadeo
317 2457 550 2542 contradicunt,
571 2463 605 2523 ut
623 2459 781 2524 affirment
800 2478 870 2523 eam
888 2464 961 2544 post
980 2457 1140 2523 Christum
1159 2463 1268 2523 uatum

103 2559 169 2625 riro
185 2579 242 2623 suo
258 2559 355 2624 luisse
371 2563 580 2627 commixtam.

163 2661 360 2728 Postremam
379 2667 469 2750 pouit
488 2665 681 2751 Epiphanius
701 2662 976 2731 ¹Massalianorum
996 2663 1165 2748 haeresim,
1185 2653 1267 2750 quod
1286 2673 1336 2724 cto
1350 2673 1416 2715 Μ.

103 2785 219 2830 nomeu
240 2785 280 2830 ex
301 2764 407 2850 lingua
429 2767 508 2854 Syra
530 2775 587 2834 est
626 2768 742 2836 Graece
764 2773 869 2834 antem
891 2767 1037 2834 dicuntur
1057 2766 1204 2857 Εὺχτται,
1227 2767 1266 2832 ab

103 2867 221 2935 orando
238 2871 283 2933 sic
298 2871 455 2955 appellati.
492 2871 630 2938 Tantum
650 2875 855 2953 chimeram,
873 2877 908 2934 ut
931 2869 977 2935 eis
997 2870 1050 2954 qui
1068 2870 1127 2936 hoc
1149 2869 1187 2934 de
1202 2869 1267 2936 illis

102 2971 235 3038 audiunt
249 2972 435 3038 incredibile
450 2973 602 3039 videatur.
634 2973 715 3040 Nam
731 2995 803 3040 oum
818 2972 964 3041 dominus
980 2973 1104 3056 dixerit,
1120 2971 1267 3060 ²Oportet

102 3093 227 3160 semper
249 3095 337 3139 orare
361 3081 393 3140 et
413 3097 478 3142 non
497 3076 645 3160 delicere,
667 3083 698 3142 et
718 3075 894 3164 apostolus,
914 3076 1009 3142 ⁸Siue
1033 3079 1265 3143 intermissione

102 3185 199 3258 orate,
229 3177 313 3261 qnod
336 3181 501 3244 sanissime
522 3183 567 3245 sic
590 3183 757 3268 accipitur,
778 3189 814 3246 ut
836 3179 922 3246 nullo
945 3179 996 3246 die
1018 3182 1266 3246 intermittantur

102 3287 188 3346 certa
198 3286 339 3366 tempora
348 3282 467 3364 orandi,
481 3285 582 3348 -isti
594 3285 637 3347 ita
648 3287 742 3350 nimis
754 3283 812 3350 hoc
824 3285 953 3367 iaciunt,
966 3283 1264 3350 uthinciudicaren-

102 3389 151 3448 tnr
165 3385 249 3449 inter
264 3384 438 3449 haereticos
458 3385 652 3452 nominandi.
690 3389 840 3466 Quamvis
861 3385 1004 3452 nonnulli
1025 3407 1077 3452 cos
1099 3387 1207 3453 dicant
1226 3387 1264 3452 de

101 3489 287 3574 purgatione
302 3491 477 3554 animarum
492 3493 597 3555 nescio
620 3511 713 3574 quam
732 3491 965 3577 phantasticam
986 3497 1018 3555 st
1037 3489 1201 3556 ridiculam
1216 3492 1263 3556 la-

102 3591 209 3656 bulam
222 3590 384 3674 4narrare,
404 3613 531 3680 porcam
546 3592 667 3658 scilicet
682 3613 753 3658 curn
767 3593 913 3679 porcellis
929 3596 994 3659 suis
1009 3593 1109 3658 videri
1125 3597 1209 3658 exire
1225 3593 1263 3658 de

101 3713 154 3759 ore
173 3692 311 3759 hominis
332 3695 455 3778 quando
477 3701 639 3780 purgatur,
662 3703 694 3762 ct
714 3700 746 3762 iu
768 3693 839 3761 eum
861 3695 977 3763 visibili
999 3696 1143 3761 similiter
1159 3699 1262 3783 specie

101 3799 206 3880 ignem
221 3799 274 3882 qni
289 3819 351 3862 non
368 3798 529 3864 comburat
543 3801 670 3864 intrare.
703 3801 761 3866 llis
776 3797 917 3882 adiungit
930 3798 1122 3886 Epiphanius
1137 3799 1262 3884 Euphe-

100 3903 206 3982 mitas,
218 3899 426 3983 Martyriauos
442 3907 474 3967 et
487 3901 704 3986 ⁵Satanianos,
719 3909 751 3968 ct
764 3901 821 3969 hos
836 3923 944 3968 omnes
957 3923 1029 3968 cum
1040 3901 1102 3967 illis
1113 3908 1262 3987 tanquam

167 4084 232 4156 Cap.
242 4085 295 4139 LV.
308 4115 342 4126 -·
363 4087 383 4141 l.
397 4089 429 4139 In
439 4087 513 4140 MSS.
526 4103 630 4142 carnem
642 4089 725 4142 solam
737 4089 794 4142 siue
805 4089 892 4143 anima
904 4089 1057 4159 suscepisse.
1092 4087 1211 4158 (Benedl

167 4154 230 4224 Cap.
240 4153 305 4208 LVI.
319 4186 352 4194 —
372 4157 392 4208 l.
411 4156 486 4210 Euro·
500 4157 781 4222 AulidiccmariauItae‚
797 4159 931 4212 secuudum
950 4161 1071 4210 Graecos.
1104 4158 1192 4210 Omnes
1203 4177 1261 4212 cero

100 4221 141 4274 lic
153 4221 249 4274 Latini
258 4223 331 4277 MSS.
344 4223 579 4279 Autidicomaritae.
609 4225 728 4346 (Benaci)

120 4364 125 4374 Ι
149 4290 221 4414 (lap.1
228 4289 304 4344 [ΝΠ.
316 4323 350 4332 -
369 4293 390 4347 l.
403 4293 479 4346 Eda'b'
488 4293 683 4348 Psallianorum.
730 4295 861 4366 tplen'poc
869 4293 942 4350 MSS.
955 4293 1180 4348 Massalianurum.
1192 4295 1261 4348 Pao-

100 4377 182 4414 osores

222 4360 419 4430 assiliauurum,
464 4366 475 4414 ι’
486 4373 568 4418 tontes
578 4363 751 4418 MussaIlanus
764 4373 788 4416 et
798 4368 809 4415 ι’
826 4367 850 4416 ai
859 4363 952 4416 dobant
961 4365 1105 4414 ininrlr'culu
1117 4373 1175 4414 urite
1182 4383 1261 4432 prue-

94 4433 230 4496 suriooem.
249 4429 411 4482 Concordem
463 4437 521 4484 ceci
531 4436 676 4502 emptores.
694 4383 825 4501 (Benedio
849 4432 872 4484 2.
884 4431 945 4485 Luc.
957 4431 1050 4486 XVIII.
1068 4433 1089 4484 1.
1123 4432 1147 4485 3.
1159 4431 1171 4484 1
1183 4432 1259 4488 Thes.

100 4495 222 4551 salvii.
258 4497 283 4551 4.
295 4497 329 4549 Ic
337 4497 410 4553 MSS.
419 4501 507 4555 nescio
520 4499 743 4572 quaphantastica
751 4501 891 4555 atridicula
899 4501 1019 4556 fabulosa
1027 4499 1260 4622 uarrarsppsseusd.)

101 4563 124 4618 5.
135 4565 170 4618 Io
184 4569 316 4635 impressis
332 4565 496 4635 Satamanos,
514 4587 598 4624 eoram
613 4573 675 4624 vitio
691 4573 735 4642 qui
750 4572 896 4634 cdidmot5
914 4589 972 4622 acres
988 4587 1071 4623 omues
1088 4569 1137 4622 MS
1154 4611 1160 4624 .
1171 4573 1262 4642 feruet

103 4633 265 4688 satanianos.
300 4633 420 4704 (Bened.)
