3112 4986
122 332 124 341 .
294 289 356 356 204
764 261 767 272 ’
796 291 948 340 eoeneum

295 446 422 514 olerioos
434 446 593 534 plurimos.
616 449 679 518 Sed
690 451 760 517 ideo
772 454 825 518 isti
833 452 981 518 haeretiei
994 457 1078 536 sunt,
1094 459 1282 540 quoniamae
1295 456 1334 520 ab
1346 455 1453 526 eoele-

294 555 342 616 sia
356 558 535 636 separantes
555 553 675 618 nullam
695 575 782 640 spem
798 561 911 640 putant
925 577 977 620 eos
992 557 1108 622 habore
1122 562 1320 642 qui¹utnutur
1334 560 1385 624 his
1400 581 1453 624 re·

263 639 264 653 ¹
294 655 352 720 bns
368 657 481 739 quibus
496 658 558 741 ipsi
573 663 688 722 carent.
725 658 895 722 Eneratitis
911 662 962 723 isti
982 660 1100 726 similes
1115 667 1202 740 sunt3
1223 683 1297 728 nam
1318 669 1350 726 et
1364 663 1452 748 Apo-

293 751 418 824 taotitae
434 759 639 843 appellantur.
670 759 731 826 Sed
746 767 779 826 et
792 761 854 826 alia
868 765 973 830 neseio
989 785 1068 846 quae
1083 767 1209 850 propria
1222 765 1379 832 haeretios
1393 765 1452 830 do·

131 944 135 958 ι
293 883 361 928 oero
376 861 589 946 perhibentur.

156 975 207 1028 ceo
221 975 274 1016 Μ
355 963 526 1031 Sabelliani
546 965 584 1030 ab
601 965 653 1031 illo
669 965 778 1049 Nobto,
793 987 884 1052 quem
901 989 996 1054 supra
1009 973 1266 1052 memoravimus,
1283 971 1452 1036 defluxisse

293 1067 447 1133 dicuntur.
480 1068 561 1134 Nam
575 1075 607 1134 et
622 1068 810 1155 discipulum
824 1073 891 1136 eius
906 1072 1036 1156 quidam
1049 1074 1214 1156 perhibent
1228 1075 1323 1138 irrisae
1338 1075 1451 1139 Sabel-

249 1203 258 1222 ·
292 1171 379 1235 lium.
416 1171 478 1235 Sed
498 1193 559 1256 qna
579 1193 673 1236 eausa
688 1172 765 1238 duas
780 1174 925 1239 haereses
942 1196 995 1240 eas
1009 1176 1202 1262 Epiphanius
1218 1183 1378 1262 computet
1393 1199 1451 1242 ne·
1547 1167 1548 1252 l

293 1276 373 1351 soi03
390 1295 460 1340 oum
475 1276 542 1340 tiori
557 1277 696 1360 potuisse
711 1275 873 1343 videamus
888 1283 923 1342 ut
937 1277 1030 1342 fuerit
1045 1279 1199 1344 Sabellius
1217 1283 1277 1344 iste
1292 1281 1451 1355 famosior,
1547 1255 1548 1344 l

293 1383 325 1442 et
338 1377 408 1444 ideo
424 1397 461 1442 ex
477 1377 529 1442 illo
550 1378 704 1464 celebrius
724 1379 800 1444 haee
821 1380 959 1444 haeresis
975 1403 1089 1446 nomen
1105 1385 1269 1468 aooeperit.
1305 1383 1451 1448 Noetiani

293 1482 376 1544 enim
392 1479 574 1546 difficillime
590 1482 628 1546 ab
644 1480 746 1565 aliquo
762 1485 919 1564 sciuntur,
939 1482 1109 1550 Sabelliani
1132 1492 1236 1550 autem
1255 1493 1330 1550 sunt
1348 1488 1451 1550 inore
1547 1473 1548 1484 ἵ

293 1582 470 1648 multorum.
493 1583 574 1647 Nant
588 1589 619 1647 et
633 1584 809 1650 Praxeanos
825 1607 844 1648 a
858 1586 978 1650 Praxea
993 1587 1119 1671 quidam
1134 1594 1256 1669 vocant,
1271 1595 1303 1652 et
1317 1589 1450 1653 Hormo·

292 1689 416 1770 geniani
430 1688 533 1750 vocari
549 1686 588 1750 ab
604 1687 797 1770 Ilermogene
812 1695 993 1772 potuerunt,
1016 1693 1068 1773 qui
1083 1691 1217 1755 Praxeas
1233 1697 1265 1754 et
1278 1691 1450 1774 Hermoge-
1547 1683 1548 1730 ἕ

292 1809 348 1856 nes
368 1789 477 1856 eadem
497 1791 667 1854 sentientes
688 1791 721 1854 in
740 1791 847 1856 Africa
867 1792 963 1856 fuisse
984 1792 1143 1858 dicuntur:
1166 1815 1223 1858 nee
1244 1801 1350 1858 tamen
1371 1796 1450 1857 istae

293 1893 396 1979 plures
413 1899 516 1957 sectae
531 1900 616 1976 sunt,
631 1893 687 1959 sed
702 1896 793 1960 nnius
810 1900 914 1958 sectae
928 1893 1019 1980 plura
1033 1899 1176 1978 uomina,
1197 1918 1235 1960 ex
1248 1897 1299 1961 his
1313 1896 1451 1962 homini-
1547 1885 1548 1898 ¹

293 1999 351 2063 bus
367 1999 419 2082 qui
434 2001 467 2062 in
482 2017 520 2062 ea
533 1998 667 2060 maxime
684 1999 902 2079 innotuerunt,
918 2001 1000 2062 siout
1012 1998 1195 2064 Donatistae
1210 1999 1306 2064 iidem
1321 2000 1450 2064 Parme-

292 2104 460 2182 aianistae,
480 2104 562 2166 siout
574 2099 732 2183 Pelagiani
748 2101 844 2166 iidem
860 2101 1057 2166 Caelestiani.
1085 2103 1175 2168 Unde
1190 2123 1261 2186 orgo
1277 2105 1318 2166 sit
1331 2091 1452 2168 laetum

292 2211 328 2269 ut
341 2205 509 2269 Notitianos
531 2210 563 2267 et
583 2203 778 2269 Sabellianos
799 2226 862 2270 nou
883 2207 976 2270 unius
996 2205 1134 2270 haeresis
1156 2205 1216 2270 duo
1232 2208 1376 2288 nomina,
1396 2207 1451 2270 sed

293 2315 440 2392 tanquam
464 2308 540 2372 duas
561 2306 706 2372 haereses
729 2307 925 2394 supradictus
947 2309 1139 2394 Epiphanius
1162 2315 1305 2394 poneret,
1332 2309 1450 2393 hquido

292 2413 432 2476 iuvenire
448 2433 510 2475 non
526 2413 630 2496 potui,
646 2413 719 2494 qnia
734 2413 762 2474 si
777 2411 851 2495 quid
867 2413 948 2480 irater
962 2432 996 2476 se
1009 2411 1166 2494 differunt,
1180 2419 1246 2476 torn
1259 2412 1390 2476 obseura
1403 2411 1451 2475 di·

209 2555 212 2562 ·
242 2557 244 2566 =
291 2518 348 2596 xit,
363 2513 466 2579 studio
483 2513 614 2578 forsitan
629 2512 802 2596 brevitatis,
818 2520 930 2578 utnon
945 2513 1126 2597 intelligam.
1149 2515 1230 2584 Loco
1246 2518 1361 2600 quippe
1379 2517 1452 2596 isto,

293 2641 353 2704 quo
369 2623 401 2682 et
416 2637 489 2698 nos,
504 2623 570 2680 tam
585 2615 677 2700 longe
690 2638 709 2680 a
723 2616 882 2681 Nodtianis
898 2616 1092 2682 Sabellianos
1109 2639 1372 2700 oommemoraus,
1393 2617 1451 2682 Sa-

294 2721 430 2802 belliani,
445 2721 558 2804 inqnit,
574 2719 688 2784 similia
702 2719 799 2783 Noeta
816 2719 1075 2802 dogmatizantes,
1092 2727 1216 2806 praeter
1231 2721 1288 2785 hoe
1305 2721 1387 2804 quod
1403 2721 1451 2784 di-

293 2831 369 2890 ount
382 2829 503 2910 patrem
518 2845 581 2888 non
597 2843 665 2886 esee
680 2843 818 2907 passum.
855 2824 921 2900 Quo
941 2823 1032 2888 modo
1054 2822 1091 2888 do
1113 2823 1298 2888 Sabellianis
1318 2823 1452 2905 intelligi

292 2933 405 3015 potest,
421 2948 492 2992 eum
507 2929 552 2990 sio
567 2928 759 2992 innotuerint
773 2925 875 2990 dicere
890 2931 1011 3010 patrem
1025 2947 1163 3010 passum,
1177 2933 1213 2990 ut
1226 2928 1452 3011 Patripassieni

293 3051 387 3115 quam
402 3028 572 3094 Sabelliani
587 3030 725 3094 crebrius
741 3027 979 3113 nuncupentur?
994 3029 1059 3094 Aut
1069 3032 1096 3092 si
1110 3017 1189 3094 forte
1204 3033 1238 3094 in
1253 3051 1289 3094 eo
1302 3029 1386 3112 quod
1397 3033 1452 3109 ait,

292 3135 419 3200 Praeter
432 3131 491 3198 hoo
513 3132 596 3216 quod
616 3131 724 3198 dieunt
741 3138 863 3217 patrem
881 3153 945 3197 non
965 3153 1033 3196 esso
1049 3153 1191 3217 passum,
1209 3133 1377 3214 Noittiauos
1393 3133 1452 3212 hoo

294 3235 397 3302 dicere
413 3234 545 3318 intelligi
559 3233 672 3314 voluit,
695 3237 763 3318 quis
779 3255 832 3298 eos
847 3236 880 3299 in
895 3235 953 3299 hae
969 3237 1170 3318 ambiguitate
1187 3233 1364 3300 discernat?
1393 3235 1451 3300 Vol

295 3361 355 3427 quo
377 3337 469 3406 modo
490 3343 622 3424 possunt
635 3337 768 3420 intelligi
788 3337 920 3422 quilibet
939 3358 1044 3404 eorum
1064 3345 1184 3423 patrem
1204 3359 1332 3424 passum
1353 3339 1451 3402 fuisse

294 3465 357 3510 uon
373 3443 492 3522 dioere,
513 3462 585 3506 oum
600 3440 707 3505 disant
721 3437 855 3506 eundem
870 3441 973 3525 ipsum
989 3461 1057 3506 esse
1073 3447 1104 3505 et
1118 3449 1240 3528 patrem
1255 3447 1287 3506 ot
1305 3441 1407 3506 salium
1421 3447 1453 3504 et

295 3549 440 3634 spiritum
455 3541 618 3608 sanetum?
647 3543 801 3608 Philaster
820 3549 925 3608 autem
939 3541 1104 3608 Brixianus
1120 3547 1284 3630 episeopus
1305 3547 1338 3608 in
1353 3544 1450 3630 proli·

294 3653 423 3716 xissimo
450 3647 529 3712 libro
550 3667 643 3730 quem
664 3647 701 3712 de
720 3647 901 3712 haeresibus
922 3645 1062 3712 condidit
1081 3653 1113 3710 et
1131 3647 1283 3712 cxx-vua
1305 3646 1451 3712 haereses

180 3739 181 3746 ἵ
295 3753 463 3820 arbitratus
483 3757 532 3814 est
552 3749 793 3834 computandas,
813 3748 1007 3816 sabellianos
1029 3753 1176 3816 continuo
1196 3757 1269 3835 post
1281 3749 1451 3816 Noiitianos

296 3875 431 3944 ponens,
454 3852 624 3934 Sabellius,
646 3854 763 3936 inquit,
785 3851 957 3938 discipulus
978 3855 1059 3935 eius,
1081 3855 1134 3936 qui
1149 3853 1388 3917 similitudinem
1403 3856 1451 3917 sni

297 3959 432 4024 doctoris
447 3956 557 4022 itidem
572 3961 696 4020 secutus
712 3961 775 4036 est,
796 3953 879 4018 unde
901 3961 933 4019 et
947 3954 1117 4020 Sabelliani
1131 3961 1241 4040 postea
1255 3963 1329 4020 sunt
1343 3956 1451 4041 appel-

297 4061 363 4142 lati,
378 4063 431 4146 qui
447 4067 478 4123 et
491 4059 714 4144 Patripassiani
729 4064 761 4120 et
774 4057 926 4122 Praxeani
941 4057 1101 4140 aPraxea,
1117 4065 1148 4122 et
1159 4059 1399 4142 Hermogeniani
1411 4060 1451 4124 ab

296 4165 502 4245 Hermogene,
517 4164 571 4246 qui
585 4162 710 4224 fuerunt
724 4162 756 4224 in
772 4160 888 4242 Africa,
903 4163 956 4244 qui
972 4167 1003 4224 et
1014 4163 1058 4224 ita
1069 4163 1240 4226 sentientes
1252 4161 1366 4225 abiecti
1378 4168 1453 4226 sunt

298 4267 337 4332 ab
353 4265 485 4330 ecelesia
500 4263 659 4328 catholiea
697 4263 785 4327 Certe
806 4265 865 4328 iste
885 4263 1010 4327 eosdem
1030 4270 1140 4349 postea
1155 4263 1350 4336 Sabellianos
1372 4264 1453 4328 dixit

299 4367 470 4454 appellatos
492 4369 544 4451 qui
563 4387 601 4429 ea
615 4387 693 4450 qnae
707 4365 824 4430 Nobtus
840 4367 1031 4448 sentiebant,
1047 4372 1078 4430 ot
1092 4365 1153 4430 alia
1168 4367 1295 4431 nomina
1309 4367 1452 4432 eiusdem

301 4475 402 4533 sectae
418 4469 679 4550 commemorarit,
695 4475 726 4532 et
740 4473 845 4531 tamen
859 4464 1027 4534 Nodtianos
1043 4475 1075 4533 et
1090 4467 1282 4542 Sabellianos
1298 4469 1356 4532 snb
1374 4469 1450 4534 duo-

301 4569 360 4636 bus
375 4571 511 4634 numeris
525 4576 674 4651 tanquam
683 4569 759 4636 duas
770 4570 913 4636 haereses
924 4573 1044 4656 posuit;
1059 4591 1121 4655 qna
1130 4591 1234 4653 eausa,
1247 4574 1314 4656 ipse
1326 4571 1450 4638 viderit.
