3112 4986
297 286 358 360 202
798 262 976 334 aunusrnu'»

283 447 469 535 ¹perfectum
483 453 539 513 est.
566 447 753 514 Hoc'antem
767 448 943 534 perlectum
956 450 990 512 in
1003 445 1189 514 Montanum
1203 453 1236 512 et
1250 451 1284 512 in
1300 451 1366 512 eius
1381 467 1452 532 pro·

297 551 451 638 phetissas
464 553 589 615 uenisse
605 551 747 616 delirant.
771 551 972 616 Sacramenta
982 550 1188 636 perhibentur
1196 550 1311 615 habere
1323 551 1453 614 funesta.

296 653 375 720 Nam
390 654 428 718 de
442 655 572 720 infantis
588 654 727 718 anniculi
743 658 910 737 sanguine,
926 675 1019 738 quem
1035 654 1072 718 dc
1087 661 1152 718 toto
1170 656 1236 718 eius
1252 673 1379 738 corporo
1394 654 1454 716 mi·

296 759 379 822 nutis
394 759 599 843 punctionum
614 755 795 820 vulneribus
811 763 1008 841 extorquent,
1025 759 1114 841 quasi
1130 757 1350 822 eucharistiam
1366 775 1456 820 snam

297 861 447 926 conficere
462 859 681 946 perhibentur,
701 860 870 924 miscentes
886 879 958 924 eum
972 861 1107 942 fan'nae,
1127 879 1302 945 panemque
1318 857 1391 922 inde
1408 858 1455 921 la·

295 965 428 1028 cientes:
444 963 497 1048 qui
511 983 589 1047 puer
604 963 631 1026 si
642 967 782 1026 mortuus
795 963 898 1044 suerit,
912 963 1045 1027 habetur
1056 962 1139 1048 apud
1152 983 1205 1026 eos
1220 961 1293 1048 ²pro
1305 962 1454 1044 martyre,

295 1067 322 1130 si
337 1071 442 1130 autem
456 1067 579 1147 vixerit,
593 1087 648 1152 pro
664 1085 775 1147 magno
792 1065 965 1130 sacerdote.

131 1183 182 1236 cm·
194 1184 277 1226 nvn·
357 1169 544 1254 ¹Pepuziani
564 1166 664 1232 aloco
680 1167 814 1252 quodam
828 1167 982 1233 nominati
996 1173 1084 1249 sunt,
1105 1187 1199 1251 quam
1219 1169 1381 1232 civitatem
1398 1165 1454 1230 de·
1545 1197 1546 1252 p

295 1277 410 1336 sertam
425 1271 501 1336 dicit
514 1270 715 1356 Epiphanius.
738 1271 827 1335 Hanc
843 1276 948 1334 antem
962 1273 1015 1334 isti
1031 1271 1176 1334 diuinum·
1187 1269 1305 1354 aliquid
1320 1289 1390 1334 esse
1405 1291 1454 1332 ar·

232 1418 236 1430 .
297 1375 446 1440 bitrantes
461 1372 658 1438 Hierusalem
672 1367 801 1450 vocant3
823 1380 946 1438 tantum
966 1373 1076 1438 dantes
1096 1371 1280 1437 mulieribus
1294 1374 1455 1458 principa·
1545 1373 1546 1376 ’

294 1484 372 1558 tum,
386 1483 422 1541 ut
436 1475 608 1542 sacerdotio
619 1495 741 1560 quoqne
754 1476 837 1560 apnd
848 1495 901 1540 eos
911 1476 1114 1540 honorentur.
1136 1476 1254 1539 Dicunt
1265 1477 1346 1539 enim
1356 1475 1455 1552 Quin·

246 1589 251 1599 '
294 1579 378 1646 tillae
395 1585 427 1644 et
441 1577 601 1644 Priscillae
616 1581 649 1642 in
665 1577 773 1642 eadem
789 1581 914 1642 ciuitate
929 1580 1053 1663 Pepuna
1069 1579 1227 1643 Christum
1241 1581 1347 1663 'specie
1363 1577 1454 1642 femi·

294 1701 353 1750 uae
368 1682 554 1760 revelatum3
574 1681 657 1746 unde
678 1681 717 1744 ab
733 1680 791 1744 heo
807 1681 1002 1773 Quintilliani
1018 1683 1112 1745 etiam
1128 1686 1357 1766 nuncupantur.
1394 1679 1454 1744 Fa·
1545 1691 1546 1710 *

295 1789 381 1852 ciunt
396 1792 428 1850 et
441 1787 503 1872 ipsi
518 1785 556 1849 de
571 1785 722 1868 sanguine
737 1783 868 1847 infantis
889 1783 972 1868 quod
986 1781 1217 1869 lcaaphrygos
1237 1785 1339 1847 facere
1361 1803 1456 1868 supra

295 1889 440 1956 diximus.
468 1887 549 1954 Nam
564 1893 596 1952 et
610 1887 649 1952 ab
665 1889 711 1951 eis
725 1886 931 1972 perhibentur
945 1889 1054 1950 exorti.
1077 1887 1219 1970 Denique
1236 1886 1289 1950 alii
1303 1886 1384 1950 hanc
1395 1885 1453 1949 Pe·

294 2011 405 2082 puram
420 2011 483 2057 uon
499 2009 567 2055 esse
583 1992 751 2073 multatam,
767 1989 823 2054 sed
837 1988 942 2053 villam
955 1989 1063 2052 dieunt
1077 1989 1173 2054 luisse
1185 1989 1325 2054 Montani
1337 1993 1370 2050 et
1381 2009 1452 2073 pro·

293 2097 504 2182 phetissarum
518 2095 585 2158 eius
599 2093 726 2158 Priscae
742 2099 774 2156 et
786 2090 991 2174 Maximillae,
1012 2098 1044 2156 et
1059 2093 1133 2176 quia
1147 2091 1189 2155 ibi
1205 2095 1366 2172 vixerunt,
1385 2089 1452 2155 ideo

293 2199 397 2264 locum
411 2197 562 2262 meruisse
578 2195 729 2281 appellari
742 2194 948 2260 Hierusalem.

117 2318 169 2369 cn·
181 2315 276 2365 xxvut
356 2301 546 2383 Artotyritao
563 2304 637 2362 sunt
658 2297 771 2382 quibus
787 2295 902 2363 oblatio
918 2317 1024 2362 eorum
1038 2298 1097 2362 hoo
1113 2317 1227 2362 nomen
1243 2296 1339 2361 dedit.
1359 2295 1453 2362 *ono-

293 2411 367 2472 runt
381 2405 465 2467 enim
479 2421 593 2488 penem
609 2407 641 2464 et
656 2421 797 2482 caseum,
812 2400 953 2464 dicentes
968 2421 987 2464 a
1002 2403 1111 2486 primis
1127 2401 1307 2465 hominibus
1322 2399 1453 2464 oblatio·
1545 2397 1546 2438 Τ

293 2529 350 2574 nes
365 2506 404 2572 de
419 2503 573 2570 fructibus
588 2511 689 2568 terrae
706 2509 738 2568 et
752 2505 856 2568 ovium
871 2503 967 2568 fuisse
984 2503 1165 2568 celebratas.
1189 2503 1254 2569 Hos
1268 2504 1454 2588 Pepuaianis

267 2653 271 2664 -
293 2612 394 2694 iungit
407 2607 609 2695 Epiphanius.

146 2731 194 2780 cc.
202 2729 277 2771 xxlx.
357 2711 739 2778 Thessarescaedacatitae
751 2709 824 2774 hino
837 2709 985 2796 appellati
992 2717 1075 2792 sunt,
1088 2709 1171 2794 qnod
1179 2727 1241 2774 non
1253 2711 1314 2773 nisi
1326 2715 1452 2793 quarta·

294 2815 417 2880 decima
433 2815 540 2897 ¹luna,
558 2814 681 2878 Pascha
695 2811 869 2894 celebrant,
890 2811 1021 2896 quilibet
1040 2819 1161 2898 septem
1176 2813 1296 2878 dierum
1311 2817 1454 2876 occurrat

295 2917 371 3000 dies,
387 2923 419 2980 et
433 2919 461 2980 si
476 2917 543 2982 dies
559 2917 733 2981 dominicus
749 2918 928 2996 occurrerit,
942 2918 1009 3000 ipso
1026 2915 1076 2981 die
1091 2917 1232 2980 ieiunant
1247 2923 1278 2978 et
1293 2915 1432 2998 vigilant

151 3040 199 3093 cap.
214 3038 276 3080 aaa
357 3019 466 3102 ¹Alogi
480 3023 645 3105 propterea
657 3022 702 3084 sic
715 3025 866 3084 vocantur
877 3025 1027 3102 tanquam
1038 3021 1105 3084 sine
1117 3019 1210 3084 verbo
1229 3023 1346 3096 (ΛΟΓΟΣ
1369 3022 1453 3083 anim

296 3123 411 3189 Graece
423 3121 553 3186 verbum
564 3120 704 3204 dicitur),
719 3123 793 3206 quia
808 3121 900 3186 deum
912 3121 1042 3186 verbum
1060 3123 1197 3206 recipere
1209 3120 1389 3202 noluerunt,
1403 3121 1452 3186 Ic·

293 3227 408 3292 hannis
427 3223 631 3308 Evangelium
652 3229 848 3310 respuentem
871 3225 958 3288 cuius
979 3245 1036 3288 neo
1051 3223 1264 3310 Apocalypsin
1279 3226 1454 3310 accipiunt,

294 3328 351 3395 has
366 3325 513 3394 videlicet
526 3330 696 3414 scripturas
711 3333 861 3410 negantes
877 3347 945 3390 esse
960 3329 1068 3411 ipsius.

142 3453 191 3505 cca
204 3451 277 3494 arar.
357 3431 523 3500 Adamiani
543 3451 582 3496 ex
601 3429 702 3496 Adam
723 3429 813 3514 dicti,
833 3431 921 3494 cuius
943 3431 1107 3494 imitantur
1121 3431 1154 3497 in
1169 3429 1312 3515 paradiso
1328 3429 1454 3496 nudita-

295 3541 375 3618 tom,
393 3554 472 3620 quae
487 3533 634 3598 scitante
649 3539 822 3620 peccatum.
859 3531 950 3597 Unde
970 3539 1002 3595 at
1021 3534 1147 3618 nuptias
1161 3538 1361 3614 aversantur,
1383 3537 1456 3618 quia

282 3643 354 3706 'nec
370 3639 456 3726 prius
472 3657 566 3722 quam
580 3641 742 3722 peccasset
756 3635 867 3718 Adam,
882 3654 941 3700 nec
956 3636 1042 3722 prius
1055 3655 1149 3720 quam
1160 3633 1308 3700 dimissus
1321 3643 1406 3700 esset
1418 3637 1454 3702 dc

346 3841 371 3897 2.
389 3841 526 3896 coluerim·
547 3841 647 3893 codices
667 3841 715 3892 cluo
733 3848 758 3891 et
771 3855 835 3890 anca
851 3855 864 3891 e
887 3838 1022 3892 Vaticanis
1031 3855 1078 3909 pro
1089 3853 1186 3908 magno
1197 3844 1322 3908 martyr03
1335 3839 1359 3892 si
1369 3843 1456 3893 antem

296 3911 398 3975 vixerit,
409 3927 455 3980 pro
465 3923 567 3962 summo
579 3907 719 3962 sacerdote.
743 3908 801 3958 Alii
817 3897 939 3959 Vol-iconi
955 3923 1009 3958 cum
1026 3911 1197 3978 anapoiaaimo
1209 3907 1384 3972 stomoma,
1401 3927 1456 3960 cuae

298 3979 484 4032 Becheroaeaa'
495 3987 541 4031 erc.
553 3993 600 4046 pro
611 3981 737 4044 martyre3
749 3977 772 4028 si
783 3980 871 4028 autem
881 3975 983 4041 vixerit,
994 3991 1040 4044 pro
1052 3976 1168 4030 maximo
1181 3975 1322 4031 sacerdote.
1339 3975 1455 4030 Michce

297 4049 363 4100 linae
374 4046 428 4101 MS.
439 4061 487 4116 pro
498 4045 582 4118 primo
595 4044 734 4097 sacerdote.
744 4097 752 4119 ἱ
764 4043 883 4114 (Bened.)

366 4131 427 4202 Gap.
439 4129 549 4185 XXVII.
562 4161 594 4170 -
622 4129 644 4182 l.
657 4129 690 4182 Ia
701 4131 812 4182 omraibus
824 4148 875 4198 pro
894 4127 991 4183 ellus,
1002 4127 1037 4182 Po
1055 4127 1156 4194 udiaui3
1173 4139 1196 4182 el
1207 4133 1278 4198 infra
1289 4149 1342 4202 pro
1352 4129 1456 4202 Papum

299 4209 442 4254 constanter
452 4204 575 4268 scriptum
587 4207 624 4252 eet
634 4197 667 4250 Pe
688 4197 755 4252 udia.
784 4148 905 4267 (Beneh)
939 4198 999 4250 Non
1017 4145 1455 4268 ahterpaaas'mcarinotr'areteri·

299 4271 343 4322 baa
354 4271 427 4322 tibris
438 4267 555 4321 diabolus
568 4276 593 4320 et
602 4267 650 4320 aab
679 4267 854 4332 saumones
867 4275 891 4317 et
901 4281 1012 4319 mconus
1025 4275 1049 4317 et
1059 4267 1123 4318 clio.
1175 4265 1199 4320 2.
1213 4267 1257 4320 Ita
1268 4265 1341 4323 MSS.
1354 4269 1456 4322 recubu

298 4341 362 4408 ipsis
375 4337 546 4389 Benedictim'e
557 4337 699 4399 editoribus,
711 4339 754 4404 qni
765 4353 820 4386 cam
830 4336 934 4402 reliquis
944 4339 1100 4386 remunerant
1110 4331 1295 4406 Cataphryges.
1395 4341 1396 4344 ’

366 4422 429 4492 Gap.
439 4419 541 4474 XXIX.
553 4449 586 4460 -
605 4422 628 4474 1.
638 4421 712 4488 luna]
729 4420 804 4474 Euro·
814 4419 856 4471 bic
869 4421 967 4474 ddunt
976 4435 1066 4473 meuse
1076 4420 1178 4476 Matio.
1204 4419 1326 4492 (Boon.)
1400 4469 1403 4476 .

367 4506 429 4576 (lap.
440 4505 529 4559 XXX.
542 4535 575 4546 -
605 4506 627 4558 l.
645 4507 677 4557 Ia
692 4507 767 4557 editis
782 4504 911 4572 Alogiani.
941 4507 1126 4559 Beatimeodum
1144 4505 1258 4562 eausa
1285 4506 1456 4577 Aloghpuio

304 4575 412 4626 Graeca
422 4571 646 4643 hamuloqrcpbc'a
657 4575 774 4626 &cuum
784 4567 895 4640 'Aloros
928 4573 1048 4643 (bened.)
