3120 4994
304 302 366 368 274
719 297 1033 342 amooouanruunusr

304 457 410 522 dinem
425 455 594 542 serpentis,
609 461 640 520 et
654 456 736 522 hano
751 457 847 522 luisse
862 455 1011 522 virtutem
1024 459 1058 520 in
1072 455 1232 542 paradiso,
1252 455 1287 521 id
1301 457 1457 521 satiatum

303 559 399 624 fuisse
415 565 592 645 serpentem
607 563 657 624 oui
671 559 736 624 Eva
751 563 838 645 quasi
851 559 915 624 filio
931 560 988 626 deo
1005 559 1187 624 crediderat.
1219 559 1395 644 Decerpsit,
1409 559 1455 624 in·

304 665 423 746 quiunt,
439 661 476 726 de
491 663 594 727 fructu
609 663 745 744 arboria,
759 669 852 746 atque
866 662 937 728 ideo
952 665 1058 746 generi
1071 663 1208 728 humano
1223 663 1389 726 seientiam
1402 662 1456 726 bo·

302 785 412 830 norum
428 765 625 830 etmalorum
640 765 819 830 contribuit.
856 765 1014 830 Christum
1033 773 1137 830 autem
1151 787 1215 830 non
1234 767 1268 830 iu
1283 765 1458 832 substantia

303 870 405 933 cernis
420 869 530 947 luisse;
546 868 678 934 salutem
693 870 795 934 carnis
811 867 998 953 sperandam
1013 871 1138 934 omnino
1153 889 1217 934 non
1232 889 1310 932 esse.

174 981 224 1033 cnr·
237 981 285 1024 vll·
365 970 513 1036 Necnon
534 973 630 1037 etiam
648 974 750 1056 erupit
769 971 831 1035 alia
844 991 967 1055 quoque
981 971 1134 1053 haeresis,
1155 991 1232 1056 quae
1253 970 1369 1036 dieitur
1388 971 1458 1035 Cai-

302 1095 460 1140 nacorum.
481 1074 521 1138 Et
534 1074 596 1159 ipsi
611 1071 695 1140 enlm
708 1073 909 1157 magnificant
924 1073 1016 1156 Cain,
1031 1077 1121 1158 quasi
1136 1095 1175 1137 ex
1189 1073 1323 1158 quadam
1338 1075 1458 1160 potenti

302 1179 416 1242 virtme
432 1183 629 1262 conceptum,
644 1197 722 1261 quae
737 1182 865 1263 operata
879 1178 921 1240 eit
934 1176 1058 1262 inipso.
1080 1177 1161 1242 Na'm
1172 1176 1251 1241 Abel
1263 1197 1302 1240 ex
1312 1177 1457 1241 interiore

302 1282 415 1345 virtme
431 1287 613 1366 conceptum
629 1285 832 1365 procreatum,
840 1285 872 1342 et
883 1279 951 1344 ideo
963 1279 1141 1344 inferiorem
1152 1285 1319 1366 repertum.
1341 1279 1395 1362 Hi,
1407 1281 1457 1363 qui

224 1439 226 1442 .
301 1382 360 1448 hoe
382 1381 545 1465 adserunt,
571 1385 664 1447 etiam
685 1382 794 1447 Iudam
816 1381 1006 1466 proditorem
1028 1381 1214 1464 defendunt,
1241 1381 1457 1448 admirabilem

302 1484 391 1550 illum
405 1490 437 1550 et
450 1505 597 1569 magnum
612 1505 680 1550 esse
695 1472 903 1550 memorantes
918 1491 1045 1570 propter
1064 1485 1215 1549 utilitates
1230 1505 1307 1570 quae
1322 1485 1456 1550 humano

302 1589 407 1672 generi
422 1588 590 1652 contulisse
601 1587 744 1663 iactatur.
768 1587 899 1666 Quidam
911 1588 1169 1673 ¹etiamipsorum
1181 1590 1456 1671 gratiarumactio·

302 1712 374 1756 nam
388 1691 483 1756 Iudae
497 1697 624 1776 propter
638 1691 718 1756 hanc
734 1711 860 1756 causam
881 1689 1072 1756 reddendam
1091 1697 1212 1776 putant.
1248 1689 1454 1755 Ammadver·

301 1800 371 1858 tens
387 1796 485 1875 enim,
499 1795 660 1877 inquiunt,
675 1793 769 1858 Iudas
784 1793 867 1877 quod
884 1793 1024 1858 Christus
1039 1793 1133 1858 uellet
1147 1795 1312 1858 veritatem
1326 1793 1455 1858 subver-

301 1903 378 1978 tere,
393 1895 522 1962 tradidit
536 1896 639 1978 illum,
659 1917 698 1960 ne
720 1897 858 1961 subverti
878 1899 993 1961 veritas
1012 1903 1128 1982 posset.
1165 1895 1204 1960 Et
1218 1895 1271 1960 alii
1286 1899 1332 1961 sic
1348 1905 1457 1962 contra

302 1999 463 2084 disputant
477 2006 508 2062 et
524 1998 641 2064 dicunt.
680 1999 757 2077 Quia
776 2003 947 2084 potestates
967 1998 1077 2064 ²huius
1095 1999 1205 2064 mundi
1224 1999 1375 2064 nolebant
1394 2001 1456 2085 pati

302 2101 473 2184 Christum,
493 2123 532 2167 ne
551 2103 686 2166 humano
706 2103 813 2184 generi
832 2121 887 2186 per
911 2108 1043 2166 mortem
1062 2104 1160 2187 ipsius
1180 2101 1264 2166 salus
1285 2111 1457 2188 pararetur,

302 2203 395 2268 saluti
410 2204 576 2269 consulens
591 2207 714 2288 generis
729 2205 857 2268 humaui
871 2201 1000 2268 tradidit
1014 2205 1187 2286 Christum,
1208 2212 1244 2268 ut
1257 2205 1359 2286 salus,
1380 2225 1456 2290 quac

300 2306 528 2392 impediebatur
548 2327 603 2392 per
622 2307 753 2370 virtutes
769 2327 847 2390 quae
863 2305 1058 2372 obsistebant
1076 2327 1116 2370 ne
1131 2313 1289 2392 pateretur
1303 2307 1457 2404 Christus,
1546 2377 1547 2390 ,

301 2408 445 2495 impediri
460 2411 585 2474 omnino
598 2429 660 2474 non
672 2415 788 2494 posset,
804 2415 835 2472 et
846 2409 915 2474 ideo
927 2429 982 2494 per
994 2411 1171 2495 passionem
1182 2409 1297 2475 Christi
1308 2431 1373 2476 non
1384 2431 1455 2498 pos·
1546 2395 1547 2462 l

301 2517 350 2578 set
364 2511 447 2576 selus
462 2511 592 2576 humani
605 2514 727 2596 generis
742 2511 902 2576 retardari.

162 2622 212 2675 θεν·
225 2623 283 2664 rur.
363 2614 425 2680 Sed
441 2621 472 2678 et
485 2615 540 2680 illa
554 2615 694 2679 haeresis
708 2615 861 2699 prooessit
881 2635 959 2698 quae
976 2615 1089 2680 dicitur
1103 2615 1322 2680 Sethoitarum.
1356 2617 1455 2681 Huius

301 2720 513 2804 perversitatis
528 2717 670 2782 doctrina
684 2717 761 2782 haec
777 2723 838 2780 est:
858 2717 942 2782 Duos
957 2718 1099 2782 homines
1114 2718 1153 2781 ab
1169 2717 1288 2802 angelis
1303 2721 1455 2783 constItu·

300 2827 360 2904 tos,
376 2821 453 2885 Cain
467 2827 499 2885 et
510 2820 604 2898 Abel;
619 2826 747 2906 propter
760 2819 817 2885 hos
830 2839 957 2903 magnas
969 2822 1050 2885 inter
1061 2819 1186 2904 angelos
1199 2824 1415 2886 contentiones
1426 2828 1457 2885 et
1547 2851 1548 2878 r

300 2923 471 3014 discordiae
491 2925 647 3000 extitisse3
674 2923 712 2988 ob
731 2921 811 2987 hano
833 2943 957 2986 caueam
977 2922 1064 2988 illam
1081 2925 1228 2990 virtutem
1248 2923 1343 3007 ¹quae
1363 2944 1456 3010 super
1547 2943 1548 2978 3

300 3045 407 3091 omnes
421 3027 552 3091 virtutes
568 3031 668 3105 esset,
688 3045 781 3108 quam
796 3024 926 3088 Matrem
941 3025 1158 3109 pronuntiant,
1174 3025 1248 3090 dum
1262 3025 1343 3090 Abel
1358 3030 1454 3092 iuter·

299 3129 416 3192 fectum
431 3128 586 3210 dicerent,
606 3127 740 3192 voluisse
762 3128 883 3212 concipi
904 3133 935 3190 et
955 3129 1042 3191 nasci
1061 3127 1143 3191 hunc
1159 3125 1235 3192 Seth
1256 3127 1322 3192 loco
1337 3129 1455 3210 Abelis,

301 3238 335 3296 ut
349 3237 571 3296 evacuarentur
587 3229 688 3313 angeli
703 3229 749 3293 illi
764 3233 817 3314 qui
832 3229 909 3294 duos
924 3231 1043 3314 priores
1057 3229 1126 3294 illos
1141 3230 1283 3295 homines
1295 3233 1454 3298 condidis-

300 3341 385 3416 sent,
405 3333 480 3398 dum
499 3333 558 3398 hoc
578 3353 684 3397 semen
704 3331 856 3396 mundum
877 3335 974 3396 oritur
994 3339 1025 3396 et
1044 3335 1191 3398 nascitur.
1227 3333 1454 3401 Permixtiones

301 3439 384 3502 enim
399 3435 508 3501 dieunt
520 3435 699 3519 angelorum
719 3441 751 3499 et
764 3435 927 3500 homiuum
941 3435 1063 3520 iniquas
1078 3435 1190 3516 luisse,
1211 3435 1250 3500 ob
1272 3457 1366 3520 quarn
1382 3459 1453 3503 cau·

300 3560 369 3604 sam
382 3537 469 3604 illam
482 3541 641 3620 vimutem,
656 3559 760 3622 quam,
775 3540 857 3602 sicut
870 3537 1021 3619 diximus,
1036 3538 1239 3624 pronuntiant
1253 3537 1402 3624 Matrem,
1417 3541 1454 3605 ad

300 3641 579 3707 vindictametiam
593 3641 816 3724 cataclysmum
826 3639 984 3723 inducere,
999 3647 1034 3704 ut
1045 3647 1076 3704 et
1086 3640 1164 3704 illud
1175 3643 1394 3726 permixtionis
1405 3665 1453 3708 se·

300 3765 373 3811 men
386 3743 547 3809 tolleretur
566 3749 598 3807 et
616 3743 674 3808 hoc
695 3742 796 3807 solum
816 3763 940 3824 semen,
959 3742 1041 3827 quod
1056 3749 1139 3807 esset
1152 3763 1280 3828 purum,
1298 3747 1454 3828 integrum

301 3847 516 3913 custodiretur.
539 3845 602 3910 Sed
617 3847 701 3910 enim
715 3845 796 3927 illos,
811 3847 863 3930 qui
879 3845 1007 3910 semtnis
1022 3845 1091 3910 illos
1106 3845 1217 3930 prioris
1232 3849 1453 3928 instituissent,

300 3949 419 4016 occulte
435 3955 467 4014 et
480 3949 613 4013 latenter
627 3955 659 4012 et
672 3951 833 4030 ignorante
847 3947 902 4011 illa
912 3947 1009 4012 Matre
1020 3949 1135 4012 virtute
1147 3969 1218 4012 cum
1228 3947 1292 4014 illis
1304 3957 1374 4016 octo
1386 3953 1452 4018 ani·

299 4055 409 4120 mabus
422 4055 456 4117 in
476 4071 580 4116 arcam
598 4053 722 4115 misisse
745 4052 840 4116 etiam
859 4069 966 4116 semen
981 4049 1093 4132 Cham,
1112 4071 1174 4135 quo
1194 4071 1303 4116 semen
1314 4053 1451 4120 malitiae

287 4161 362 4223 ‘non
383 4156 514 4241 periret,
537 4153 593 4220 sed
614 4173 684 4219 cum
707 4156 818 4219 ceteris
841 4159 1058 4218 conservatum
1084 4159 1207 4240 etpost
1229 4155 1451 4240 cataclysmum

366 4306 428 4377 Cap.
441 4306 495 4360 VH.
507 4335 540 4347 -
560 4307 581 4358 l.
593 4305 672 4358 etlam
683 4309 784 4376 repoeue'
790 4324 841 4375 pro
852 4306 930 4372 enim,
942 4308 1099 4374 praedamnes
1110 4307 1172 4357 tetre·
1182 4313 1271 4358 terrem.
1299 4306 1452 4378 Saepissime

299 4377 539 4497 laudet:
553 4375 670 4495 “III‘'
687 4373 1453 4496 mittimibdlnilmP⁸‘“⁶⁰'⁸''⁰'⁰''''”“⁸

317 4463 331 4496 a
362 4463 383 4497 c.
466 4465 482 4494 a
540 4461 618 4512 ,ομ
648 4482 654 4495 .
723 4481 729 4494 .
831 4463 840 4494 a
1104 4484 1110 4494 .

367 4511 429 4580 Cap.
442 4510 509 4564 VIII.
520 4537 553 4548 —
573 4511 595 4565 l.
615 4509 810 4575 ,Tridrtuteffl
827 4513 944 4580 appellat
958 4511 1245 4580 Pseudo-Hieronymus
1256 4530 1313 4582 cop.
1327 4513 1352 4568 9.
1366 4515 1398 4566 de
1408 4515 1449 4566 Se·

300 4577 377 4646 tlto'a,
389 4595 458 4644 quem
470 4583 535 4646 confi
