3112 4986
532 275 572 318 nl
585 267 762 318 Hm
774 275 866 316 nrm
1044 301 1047 308 ·
1218 275 1281 342 m

105 432 251 498 mxime
271 451 312 498 ex
331 431 446 516 quibus
462 427 681 516 intelliguntur
700 433 796 498 ctiam
814 431 872 496 illa
892 427 943 496 vel
965 433 1093 513 cuncta,
1112 429 1164 496 uel
1182 449 1282 516 paene

107 541 233 600 cuncta
245 534 392 621 pendere.

181 638 264 704 Ecce
281 657 374 724 quam
389 637 504 704 multas
521 640 832 704 commemoravimus
846 637 1003 718 haereses,
1018 655 1076 701 neo
1090 641 1198 702 tamen
1213 657 1280 702 mo⁴

109 740 194 806 dum
208 748 281 806 tuac
296 740 518 826 postulationis
534 741 743 826 implevimus.
780 741 826 804 Ex
849 759 908 823 quo
930 741 1014 804 enim
1033 738 1212 804 Christiana
1231 759 1281 804 re·

108 843 210 928 ligio,
235 850 272 908 ut
289 844 394 909 verbis
413 845 476 908 tuis
497 850 583 925 utar,
609 842 811 908 baereditatis
833 827 1005 927 promis'sae
1021 861 1135 906 nomen
1149 844 1283 929 accepit,

111 965 199 1031 quae
219 945 364 1012 haereses
385 953 470 1012 ortae
491 949 556 1011 sint
580 965 639 1030 quo
663 945 757 1010 modo
784 965 1026 1010 commemorare
1053 965 1161 1009 omnes
1183 947 1282 1029 potui,

113 1051 175 1132 qni
189 1069 298 1114 omnes
313 1069 406 1114 nosse
425 1069 490 1114 uon
504 1046 614 1135 potui?
651 1047 740 1126 Quod
755 1047 824 1133 ideo
841 1047 1001 1129 existimo,
1023 1046 1214 1130 quianullus
1230 1065 1282 1114 co-

112 1171 206 1234 rum,
222 1171 355 1236 quorum
370 1151 408 1217 de
423 1151 482 1216 hac
497 1173 530 1216 rc
546 1151 664 1237 scripta
679 1151 754 1233 legi,
770 1171 877 1216 omnes
892 1151 1011 1236 posuit:
1032 1149 1283 1234 quandoquidem

113 1257 227 1322 inveni
249 1255 333 1340 apud
353 1254 451 1321 alium
471 1275 548 1340 quas
567 1253 651 1340 apud
670 1253 767 1318 alium
786 1275 850 1319 non
871 1253 996 1334 inueni,
1022 1259 1054 1317 et
1073 1271 1180 1317 rursus
1201 1251 1285 1338 apud

113 1359 217 1424 istum
232 1377 309 1442 quas
324 1357 377 1422 illc
392 1377 456 1422 non
471 1360 585 1443 posuit.
621 1357 684 1440 Ego
700 1361 805 1420 autem
819 1363 983 1441 propterca
997 1355 1103 1441 plures
1116 1375 1209 1440 quam
1223 1356 1284 1442 ipsi

116 1461 227 1546 posui,
249 1463 321 1544 quia
336 1457 447 1543 collegi
461 1480 500 1525 ex
519 1460 665 1526 omnibus
680 1479 758 1544 quas
773 1479 882 1523 omncs
899 1459 981 1544 apud
997 1457 1135 1542 singulos
1155 1479 1218 1524 non
1233 1461 1283 1524 in-

116 1561 205 1647 veni,
219 1562 335 1628 additis
351 1566 447 1628 etiam
462 1581 539 1646 quas
554 1565 622 1648 ipse
637 1562 778 1628 recolens
794 1561 878 1648 apud
892 1561 991 1626 ullum
1005 1561 1129 1628 illorum
1143 1562 1283 1627 inuenire

118 1685 185 1732 non
198 1666 297 1750 potui.
333 1665 424 1732 Unde
439 1649 550 1730 merito
567 1664 659 1730 credo
680 1685 739 1732 nec
754 1685 804 1730 me
823 1667 966 1749 posuisse
983 1685 1108 1746 omnes,
1134 1667 1207 1748 quia
1225 1685 1283 1730 nec

119 1787 230 1834 omnes
246 1768 347 1852 quide
362 1769 419 1834 bac
432 1771 669 1853 rescripserunt
683 1767 784 1850 legere
800 1767 898 1852 potui,
912 1787 1013 1851 neque
1025 1767 1083 1832 hoo
1096 1787 1284 1852 quemquam

120 1891 230 1938 eorum
248 1871 340 1936 uideo
359 1873 473 1936 iecisse
495 1891 573 1954 quos
593 1871 662 1954 legi.
699 1869 861 1936 Postremo
883 1871 1008 1935 etiamsi
1026 1891 1134 1936 omnes
1153 1871 1284 1936 forsitan

121 1973 227 2061 posui,
248 1973 332 2058 quod
352 1994 416 2040 non
435 1981 526 2060 puto,
546 1980 652 2038 utrum
674 1993 782 2038 omnes
803 1973 867 2037 sint
885 1973 993 2056 utique
1008 1975 1124 2038 nescio.
1161 1973 1200 2038 llt
1213 1973 1285 2040 ideo

123 2075 274 2162 quodvis
293 2097 344 2141 me
366 2076 512 2162 loquente
532 2077 632 2158 finiri,
657 2095 721 2141 non
742 2075 854 2141 saltem
876 2082 980 2159 potest
1003 2095 1054 2140 me
1080 2084 1285 2159 cognoscente

123 2177 354 2266 comprehendi.
390 2179 506 2244 Audiui
522 2179 688 2264 scripsisse
711 2178 749 2243 dc
765 2178 947 2242 haeresibus
968 2185 1112 2243 sanctum
1131 2180 1285 2266 Hierony-

122 2301 220 2364 mum,
235 2281 293 2348 sed
306 2282 410 2368 ipsum
426 2282 492 2347 eius
509 2281 694 2368 opusculum
709 2301 766 2344 nec
778 2283 811 2344 in
823 2287 930 2344 nostra
942 2281 1134 2346 bibliotheca
1143 2285 1285 2350 inuenire

122 2387 292 2472 potuimus,
306 2405 366 2450 neo
380 2385 464 2450 unde
479 2387 580 2470 possit
593 2386 695 2470 accipi
710 2383 865 2448 “scimus
889 2384 977 2462 Quod
993 2386 1020 2448 si
1034 2391 1068 2448 tu
1079 2387 1200 2470 scieris,
1214 2409 1285 2474 per-

123 2491 194 2554 veni
210 2486 251 2554 ad
272 2485 364 2570 illud,
385 2493 416 2552 et
438 2489 569 2554 forsitan
589 2485 719 2551 habebis
739 2485 853 2550 melius
874 2486 1021 2570 ¹⁵aliquid
1041 2507 1134 2570 quam
1153 2487 1212 2554 hoo
1227 2509 1285 2556 no-

125 2597 243 2672 strum,
263 2591 406 2676 quumvis
425 2611 484 2657 nec
503 2591 619 2677 ipsum,
637 2589 712 2654 licet
731 2589 894 2654 hominum
920 2588 1151 2674 doctissimum,
1177 2612 1286 2658 omnes

123 2695 269 2762 haereses
284 2694 416 2758 arbitrer
431 2693 577 2778 indagare
591 2691 741 2779 potuisse.
768 2691 809 2756 Et
823 2697 905 2756 certe
920 2691 1080 2756 Abcloitaa
1095 2699 1220 2758 nostrae
1236 2715 1285 2759 re·

125 2797 225 2882 gionis
239 2797 424 2878 haereticos,
439 2803 591 2880 quantum
605 2795 760 2875 existimo,
774 2793 827 2858 illc
842 2796 990 2858 nesciuit:
1011 2797 1056 2859 sic
1072 2794 1150 2860 lortc
1165 2805 1197 2862 et
1210 2797 1286 2864 alibi

125 2899 201 2966 alios
216 2900 251 2964 iu
266 2899 497 2965 obscurissimis
513 2899 590 2964 locis
611 2897 788 2963 reconditos
815 2899 881 2961 eius
901 2897 1045 2961 notitiam
1059 2899 1129 2982 ipsa
1147 2897 1285 2966 locorum
1378 2905 1383 2949 ἴ

124 3019 253 3070 suorum
272 3001 462 3068 obscuritate
485 3003 647 3088 fugientes.
683 2999 751 3065 Iam
777 3021 850 3064 vero
873 2999 951 3064 illud
971 2999 1054 3085 quod
1073 2999 1190 3066 habent
1214 3010 1286 3069 tuae

125 3103 259 3186 litterae,
274 3111 310 3168 ut
324 3107 430 3169 omnia
444 3107 569 3170 omnino
585 3103 727 3168 dicamus
743 3101 856 3186 quibus
871 3103 1021 3167 haeretici
1040 3107 1204 3170 averitate
1219 3105 1285 3172 die-

125 3211 276 3290 sentiunt,
291 3210 414 3272 etiamsi
429 3209 535 3272 omnia
550 3209 673 3288 scirem,
692 3205 794 3270 lacere
810 3225 873 3269 non
887 3225 1030 3290 possem:
1051 3214 1167 3290 quanto
1181 3209 1286 3274 minus

125 3329 265 3397 possum,
280 3311 335 3394 qui
349 3313 454 3375 omnia
468 3312 549 3374 seire
564 3329 628 3375 non
642 3305 790 3396 possum?
828 3307 908 3372 Sunt
923 3311 1008 3372 enim
1021 3309 1183 3392 haeretiei,
1204 3313 1286 3396 quod

127 3411 290 3480 latendum
305 3417 363 3494 est,
379 3415 431 3496 qui
447 3411 588 3496 singulis,
602 3412 652 3478 uel
666 3433 730 3478 non
744 3410 841 3476 multo
858 3409 1002 3496 amplius,
1018 3410 1214 3494 dogmatibus
1230 3433 1285 3500 op·

126 3521 267 3602 pugnant
281 3515 421 3598 regulam
434 3515 586 3596 ueritatis,
601 3517 683 3580 sicut
692 3513 906 3580 Macedoniani
923 3512 973 3582 vel
986 3513 1178 3596 Photiniuni‚
1192 3522 1286 3600 atque

126 3617 180 3684 alii
194 3618 371 3704 quicunque
386 3621 431 3682 ita
445 3637 479 3684 se
494 3617 621 3682 habent.
650 3617 699 3682 llli
714 3625 829 3699 autem,
848 3623 885 3682 ut
898 3619 943 3682 ita
958 3617 1099 3700 dixerim,
1113 3617 1286 3703 fabulones,

126 3721 223 3787 idest
242 3721 297 3806 qui
317 3720 437 3786 fabulas
456 3739 554 3785 uanas
580 3718 766 3803 easdemque
793 3719 901 3803 longas
925 3719 1150 3806 perplexasque
1176 3729 1285 3787 conte-

126 3829 219 3905 xunt,
235 3829 301 3888 tam
318 3821 426 3888 multis
441 3821 529 3888 falsis
544 3821 740 3905 dogmatibus
754 3821 839 3907 pleni
855 3831 945 3906 sunt,
965 3829 1000 3888 ut
1018 3824 1080 3908 ipsi
1095 3843 1217 3908 quoque
1231 3823 1287 3892 illa

127 3945 291 3994 numerare
307 3947 369 3990 non
384 3926 516 4009 possint,
531 3930 585 3990 aut
599 3923 782 3990 difficillime
796 3925 928 4009 possint.
954 3925 1019 3990 Nco
1033 3925 1091 3990 ulli
1105 3924 1207 3992 alieno
1222 3925 1286 3993 ulla

179 4079 218 4130 14.
230 4077 289 4132 Hoc
300 4079 355 4130 loco
362 4078 479 4146 plerique
490 4075 564 4130 MSS.
577 4080 629 4128 ιἰια
640 4081 815 4148 inruperunt.-
827 4075 993 4128 certissimus
1004 4075 1095 4140 homo,
1111 4079 1244 4132 studiosus
1256 4081 1285 4134 li·

127 4145 232 4200 brorum
244 4146 300 4197 cius
312 4145 442 4214 cognitor,
460 4145 492 4198 tle
503 4143 551 4198 luce
563 4145 738 4214 interrogatus
750 4144 787 4196 alt
802 4146 890 4198 nescio
902 4161 980 4213 quem
991 4145 1036 4213 qui
1046 4143 1113 4198 hanc
1125 4146 1222 4200 lamam
1234 4147 1286 4200 diu-

127 4213 394 4336 aaminarrffineecisec
410 4214 472 4283 quid
481 4213 613 4335 diidde
620 4211 687 4265 Nam
703 4212 734 4266 tle
745 4210 906 4333 haeresibus,
917 4213 1014 4332 ἰιιιιιιίιΙ
1020 4213 1122 4294 nullum
1134 4232 1148 4267 o
1168 4217 1285 4335 aucupum

127 4289 693 4420 wiuddfflmfficrcdrzmiuomideppbd:
733 4280 1068 4419 uffifflwwuzcffi
1077 4291 1286 4423 dbocddddodrb

127 4423 300 4542 §pegam
313 4437 345 4471 cu
437 4421 509 4483 ned
518 4421 673 4472 aaronem
682 4421 870 4487 macipaa'
881 4417 1055 4474 adiudicatus.
1072 4417 1192 4490 (Bened.)
1245 4421 1284 4476 15.

224 4505 292 4570 'cera
304 4495 331 4540 ct
338 4505 423 4569 prope
438 4505 521 4541 onum
530 4486 606 4568 tls-9.
623 4487 663 4568 Af
671 4486 773 4568 Locum
782 4488 842 4544 adit.
855 4487 974 4556 perveni,
986 4492 1013 4540 ct
1023 4501 1074 4558 ego
1086 4503 1132 4556 per
1143 4495 1167 4541 te
1179 4487 1211 4541 ad
1223 4490 1285 4544 illud

127 4571 289 4626 pensaram,
304 4562 333 4608 et
345 4555 456 4611 amaran
468 4555 577 4612 babebis
587 4555 683 4612 malros
694 4554 801 4625 uquurd.
820 4553 940 4626 chncd.)
