3120 4994
599 183 808 226 arceremus.
1222 183 1284 250 255

119 343 198 426 quia
212 361 423 426 quoscumque
439 341 598 427 simplices
619 343 814 423 invenerint,
836 343 880 404 ita
902 359 955 404 eos
977 341 1097 406 iaciunt
1117 341 1234 404 sentire
1255 343 1286 404 et

119 443 262 510 credere.
298 445 365 509 Hoc
381 443 483 509 scelus
498 443 589 509 valde
604 445 767 508 inimicum
782 442 891 508 salutis
906 447 1031 508 nostrae
1046 444 1091 506 ita
1105 441 1285 508 adstruunt:

118 547 203 631 Ergo
219 547 297 612 deus
312 547 382 612 illas
403 547 511 614 sordes
531 547 642 612 habuit
661 549 832 627 sustinere,
852 565 929 629 ques
949 545 1102 610 naturalis
1122 547 1285 630 conceptio

119 657 232 736 partus
248 656 280 714 ct
294 651 444 735 parientis
459 647 590 732 infligit?
610 650 781 733 habuitque
802 648 853 714 dei
873 647 956 712 filius
975 647 1091 713 habere
1110 647 1215 712 alvum
1230 647 1285 712 de·

118 759 213 836 gesta
227 774 284 817 sna
297 752 487 832 abluentem,
502 752 663 816 humorem
679 752 717 816 de
732 751 871 832 naribus,
886 751 1016 815 salivam
1031 771 1070 814 ex
1085 770 1148 832 ore,
1163 749 1287 815 sordem

119 857 159 920 in
174 877 260 937 anre,
275 858 308 920 in
322 861 433 920 ventre
449 860 596 936 stercora,
611 861 754 939 putorem
769 857 802 918 in
817 850 1036 922 exhalatione?
1052 859 1083 917 et
1096 851 1147 918 his
1161 851 1286 934 similia,

120 978 205 1042 quae
220 960 344 1022 insania
357 960 473 1022 mentis
489 959 652 1040 excogitat.
675 957 732 1021 His
745 956 954 1022 Tertullianus
966 956 1167 1022 vehementer
1179 975 1286 1021 occur·

120 1063 181 1142 rit,
202 1060 370 1126 ostendens
387 1060 438 1124 dei
453 1059 551 1124 filium
566 1059 794 1144 impassibilem
814 1080 901 1142 esse,
921 1067 953 1124 et
971 1062 1033 1124 ista
1052 1059 1208 1124 divinitati
1223 1077 1286 1122 non

119 1165 284 1245 iniuriam,
299 1164 355 1228 sed
369 1163 492 1228 laudern
504 1143 634 1228 adferre.
658 1163 746 1227 Sicut
757 1184 821 1244 rex,
837 1165 890 1246 qui
901 1163 1009 1227 volens
1021 1162 1149 1226 anulum
1160 1179 1288 1226 aureum

123 1287 201 1332 cum
215 1287 337 1349 gemma
353 1267 390 1330 de
406 1265 511 1330 cloaca
532 1265 652 1347 levare,
672 1265 774 1330 induit
794 1285 827 1328 se
849 1265 996 1330 servilem
1015 1267 1170 1346 tunicam,
1190 1266 1287 1328 etsie

122 1369 292 1434 descendit
305 1367 344 1434 ad
362 1367 513 1450 cloacam,
533 1375 568 1432 ut
588 1374 757 1432 stercoreas
777 1369 907 1434 iniurias
929 1369 1037 1432 tunica
1057 1367 1112 1432 illa
1126 1368 1286 1451 suscipiat,

123 1479 159 1536 et
173 1475 303 1536 mittens
321 1492 449 1536 manum
469 1477 501 1536 et
515 1470 648 1535 anulum
670 1491 799 1536 aureum
821 1491 893 1536 cnm
912 1491 1035 1553 gemma
1053 1473 1188 1556 eripiens
1207 1490 1289 1554 aqua

123 1573 243 1656 abluit,
259 1581 291 1638 et
304 1575 399 1658 digito
416 1595 472 1638 suo
488 1573 584 1656 regali
599 1574 718 1656 induit,
732 1580 937 1660 posteaquam
951 1573 1024 1640 inde
1039 1573 1229 1638 escenderit:
1244 1575 1289 1637 ita

123 1675 237 1763 procul
250 1676 342 1742 dnbio
359 1677 410 1742 dei
425 1677 507 1740 lilius
521 1677 654 1742 formam
669 1679 752 1741 servi
767 1678 940 1761 suscipiens
957 1679 1043 1742 venit
1054 1697 1117 1742 non
1132 1676 1234 1742 solum
1248 1674 1288 1740 ad

123 1781 243 1844 inseres
260 1779 425 1862 caelorum,
440 1779 559 1844 ubinos
571 1799 689 1862 sumus,
705 1781 758 1862 qui
772 1779 915 1844 videmur
928 1780 1032 1844 vivere
1047 1783 1080 1844 in
1091 1779 1219 1862 mundo,
1233 1777 1289 1844 sed

125 1885 224 1947 etiam
247 1882 286 1946 ad
308 1883 425 1947 inferos
450 1883 627 1963 inferiores,
654 1884 707 1966 qui
730 1887 819 1947 tanto
842 1903 861 1946 a
882 1882 973 1947 nobis
996 1889 1069 1948 sunt
1094 1881 1289 1968 profundius,

127 1991 246 2070 quanto
261 2007 317 2050 nos
333 2005 441 2050 sumus
457 1985 552 2066 caelo,
568 1991 599 2050 et
613 1991 648 2048 ut
661 1984 735 2048 inde
750 1985 921 2050 humanum
935 2005 1033 2068 genus
1048 1988 1197 2070 eriperet,
1212 2005 1288 2050 cun·

127 2095 251 2154 clarum
267 2087 420 2168 sordium,
441 2108 504 2152 non
520 2108 662 2168 suarum,
683 2087 739 2152 sed
754 2093 946 2170 nostrarum,
965 2095 1013 2152 est
1027 2088 1203 2172 squalorem
1217 2109 1289 2173 per-

127 2212 250 2278 pessus.
272 2191 332 2256 Pro
347 2191 535 2272 viventibus,
545 2193 590 2254 sic
612 2191 690 2254 vixit
709 2192 790 2254 sicut
805 2211 861 2254 nos
878 2191 931 2274 qui
945 2193 1095 2273 vivimus,
1111 2190 1190 2256 nihil
1204 2190 1289 2256 aliud

128 2295 254 2360 distarm
272 2295 335 2357 nisi
354 2292 413 2358 hoc
438 2292 519 2376 qood
540 2291 772 2356 immaculatam
787 2295 885 2356 vitam
900 2296 1052 2376 exercuit,
1073 2295 1192 2360 habens
1207 2296 1291 2358 intra

129 2397 281 2462 sedeam:
297 2417 352 2480 pro
364 2397 495 2460 mortuis
510 2397 556 2460 sic
570 2401 722 2476 mortuus,
737 2395 816 2460 nihil
832 2395 952 2460 distans
968 2399 1029 2460 nisi
1043 2395 1113 2478 hoo,
1129 2397 1211 2480 quod
1226 2404 1289 2462 ter-

129 2503 174 2562 tia
193 2499 244 2564 die
267 2499 437 2563 resurrexit
456 2519 475 2561 a
493 2501 639 2580 mortuis,
660 2504 692 2562 et
712 2497 794 2581 quod
813 2505 977 2583 propterea
997 2501 1042 2564 sic
1059 2499 1235 2580 descendit,
1255 2505 1291 2562 nt

130 2607 256 2667 sanctos
271 2601 343 2666 inde
364 2607 487 2664 erueret
509 2607 541 2664 et
558 2603 669 2666 mortis
690 2603 865 2685 principem
885 2601 1039 2684 religaret.
1078 2602 1166 2680 Quod
1185 2607 1291 2666 autem

130 2704 259 2770 anulum
275 2724 403 2768 aureum
419 2725 490 2768 cnm
505 2723 627 2786 gemma
640 2706 760 2788 posuit,
780 2703 839 2769 hoc
859 2706 892 2768 in
908 2707 1050 2788 sequenti
1065 2704 1200 2770 lectione
1215 2705 1289 2770 edo·

132 2811 211 2889 cuit,
231 2806 315 2890 quod
333 2806 462 2870 anulum
482 2828 593 2892 eorpus
612 2809 766 2892 posuerit,
786 2827 941 2889 gemmam
959 2828 1032 2872 vero
1052 2807 1206 2873 inclusam
1221 2829 1290 2874 esse

132 2910 269 2974 animam
284 2909 461 2974 declararit.
498 2911 588 2974 Hunc
608 2931 679 2992 ergo
700 2909 829 2974 anulum
851 2909 888 2974 de
904 2910 1093 2976 stercoribus
1107 2913 1245 2996 antiquis
1260 2917 1292 2975 et

133 3011 169 3076 de
187 3013 294 3078 cloaca
307 3011 399 3076 huius
413 3011 522 3076 mundi
539 3012 680 3076 Christus
696 3011 822 3077 elevans
842 3035 878 3077 ac
901 3013 1099 3098 baptismatis
1119 3015 1205 3081 unda
1219 3035 1290 3101 per·

131 3114 279 3196 lundens,
293 3115 333 3179 ab
348 3115 433 3178 omni
448 3115 590 3197 squalore
605 3115 753 3197 abluens,
772 3118 806 3179 in
826 3118 891 3180 suis
912 3117 987 3180 lecit
1006 3120 1125 3182 sanetis
1144 3119 1291 3184 manibus

133 3218 263 3283 radiare.
300 3216 462 3300 Siquidem
481 3220 526 3282 ita
546 3217 672 3302 legitur:
692 3217 871 3300 ²lectorem
890 3232 994 3284 aetem
1008 3224 1133 3286 animoa
1147 3223 1181 3286 io
1194 3243 1291 3286 occec

134 3322 184 3384 dci
196 3331 285 3396 eaot5
307 3322 480 3384 etiterum:
502 3319 607 3386 ³Poee
625 3344 672 3385 cce
686 3323 769 3387 sieut
782 3323 913 3386 eoelum
926 3325 961 3386 io
975 3347 1072 3388 mana
1087 3335 1158 3401 tao,·
1174 3331 1219 3388 et:
1234 3324 1292 3388 ⁴Ita

133 3445 243 3488 maaca
259 3433 330 3486 tuce
346 3423 522 3487 commendo
536 3425 683 3509 spiritum
696 3447 815 3488 omem:
833 3431 865 3488 et
882 3425 1006 3489 infinita
1025 3431 1099 3490 sunt
1112 3425 1162 3490 his
1177 3427 1292 3492 similia

134 3527 166 3590 in
181 3527 278 3592 sacris
293 3525 446 3609 apicibus,
462 3545 540 3608 qnae
555 3547 613 3591 nos
628 3548 723 3591 causa
738 3527 900 3592 brevitatis
916 3529 1096 3594 omittentes
1111 3529 1151 3594 ad
1163 3549 1291 3612 sexage-

134 3630 244 3692 simam
260 3633 291 3690 et
306 3629 438 3710 primam
452 3627 615 3694 haeresem
629 3629 822 3694 accedamus.

197 3731 429 3812 Sexagesimam
444 3737 476 3794 et
490 3733 623 3816 primam
638 3732 793 3798 haeresim
808 3733 976 3798 Patriciani
990 3735 1143 3816 lecerunt,
1157 3757 1176 3798 a
1190 3734 1292 3801 Patri·
1309 3751 1362 3804 cns
1373 3752 1429 3795 nri.

136 3836 181 3898 cio
197 3837 357 3897 sumentes
369 3833 540 3898 exordium.
562 3835 602 3898 Hi
615 3836 824 3901 substantiam
835 3839 938 3902 carnis
950 3836 1104 3902 humanae
1119 3857 1181 3902 non
1194 3837 1292 3921 adeo,

136 3935 189 4000 scd
203 3957 223 3999 a
237 3935 360 4000 diabolo
382 3935 542 4002 conditam
562 3938 686 4002 dicunt:
707 3959 837 4022 eamque
858 3941 903 4003 sic
924 3939 1135 4022 detestantur,
1154 3947 1189 4004 ut
1207 3940 1292 4006 hunc

137 4037 240 4102 dicant
253 4059 323 4102 esse
339 4039 513 4122 perfectum
528 4043 581 4124 qui
596 4061 629 4104 se
644 4043 781 4125 potuerit
800 4048 981 4106 constanter
995 4042 1145 4108 occidere.
1182 4043 1228 4108 Ex
1242 4043 1293 4108 his

137 4149 208 4206 sunt
222 4140 374 4225 aliquanti
390 4144 442 4226 qui
457 4145 552 4207 etiarn
566 4149 677 4226 rogant
697 4165 749 4208 eos
771 4164 847 4227 quos
867 4147 1046 4209 invenerint
1065 4147 1187 4228 ignotos
1203 4153 1238 4210 nt
1252 4147 1291 4212 ab

137 4245 181 4308 eis
200 4243 391 4310 occidantur.
428 4243 513 4310 Ilaec
533 4248 656 4312 insania
675 4248 708 4310 in
728 4246 870 4331 partibus
889 4247 1053 4312 Numidiae
1073 4251 1242 4335 superioris
1261 4255 1294 4313 et

185 4461 387 4534 e.sap.111,1.
438 4463 462 4518 3.
475 4465 548 4521 Cant.
560 4466 626 4534 Vlll,
638 4467 661 4520 6.
713 4467 738 4521 4.
749 4465 836 4522 Psalm
847 4467 937 4534 XXX,
949 4467 973 4520 6.
