3144 4986
551 302 591 342 DE
603 299 780 344 annuemus
793 300 884 342 LIBER.
1256 303 1296 368 67

138 458 245 524 tilium.
267 459 350 524 Nam
364 457 530 544 prophets¹
545 458 737 528 ⁵trinitotem
756 460 861 524 omnia
879 456 992 522 lesisse
1010 456 1150 522 visibilia
1168 461 1201 522 et
1214 459 1295 522 inui-

139 561 241 626 sibilia
256 561 381 644 definit,
401 562 524 644 dioens,
552 561 650 627 Verbo
667 564 787 626 domini
800 560 1012 642 ooelifirrnoti
1028 571 1115 642 eant,
1135 571 1164 626 et
1182 562 1297 646 spirata

139 667 199 728 oris
214 667 282 730 eius
297 667 396 730 omnis
410 667 511 730 virtus
526 687 642 730 eorum
672 665 709 730 ln
725 666 810 730 omni
823 659 928 746 itaque
945 667 1100 744 ereatura,
1121 681 1200 746 quae
1215 663 1297 726 laeta

139 773 184 830 est
198 788 255 852 per
270 769 431 852 spiritum,
453 788 516 832 non
536 767 654 852 aliquid
674 768 886 852 praetermisit
906 765 988 849 quod
1007 785 1071 830 non
1091 785 1147 850 per
1162 786 1234 830 eum
1249 765 1264 828 s
1281 801 1295 812 ·

138 877 222 934 otum
240 872 297 947 sit;
317 869 433 953 alioqui
453 872 486 934 in
506 869 586 934 lide¹¹
607 891 716 934 servus
737 890 806 934 oum
829 867 954 934 domino
970 889 1034 934 non
1053 871 1248 952 iungeretur,
1269 871 1297 934 si

138 979 219 1036 esset
234 978 377 1036 ereatura
391 972 515 1038 divinus
530 979 563 1036 et
576 979 704 1038 sanetus
719 974 857 1058 spiritus.
882 972 976 1036 Cuius
993 993 1087 1037 causa
1102 973 1203 1037 omnis
1218 974 1295 1036 sori-

138 1081 227 1158 ptura
242 1081 275 1138 et
289 1075 434 1140 dominus
454 1075 584 1140 oonoedi
604 1078 708 1142 omnia
727 1082 856 1161 peecata
875 1074 1066 1140 hominibus¹
1085 1081 1209 1159 praeter
1228 1074 1295 1140 bla-

137 1177 311 1262 sphemiam
324 1177 442 1244 ⁶divini
456 1185 488 1244 et
498 1179 648 1244 odorandi
660 1181 789 1264 spiritus
801 1177 927 1271 caelesti
942 1177 1142 1242 'sententiam
1157 1198 1296 1264 pronun·

138 1283 272 1346 tiaverit.
757 1361 760 1366 Ι

196 1384 385 1450 Eunomiani
405 1392 475 1470 post
493 1384 550 1450 hos
570 1384 610 1450 ab
630 1385 781 1450 Eunomio
802 1383 955 1469 disoipulo
976 1384 1078 1466 Astu,
1097 1387 1131 1448 in
1152 1384 1297 1450 omnibus
1315 1391 1365 1444 esp.
1384 1388 1481 1434 bxvffl·

139 1487 256 1554 inimici
271 1507 361 1552 verae
377 1487 460 1569 fidei,
476 1489 565 1552 aiunt
579 1495 643 1552 tres
658 1507 727 1552 esse
744 1487 882 1552 diversas
898 1486 1057 1570 qualitatis
1073 1487 1297 1571 substantiae,

138 1597 170 1652 nt
184 1591 269 1671 auri,
287 1592 409 1672 argenti
425 1597 457 1654 et
470 1593 584 1673 aeris⁰‚
604 1597 637 1654 et
650 1597 771 1676 patrem
787 1589 913 1674 quidem
928 1590 1042 1654 fecisse
1057 1590 1171 1672 filium,
1191 1599 1223 1654 ot
1236 1593 1296 1656 ite·

138 1713 204 1756 rum
219 1691 330 1774 filium,
345 1695 398 1776 qui
414 1693 472 1764 ¹sit
486 1701 643 1775 ereatura,
663 1693 775 1758 feoisso
790 1691 967 1777 ²spiritum:
988 1701 1020 1756 et
1034 1692 1184 1758 adserunt
1198 1693 1297 1758 tilium

138 1815 199 1858 non
213 1797 296 1880 patri
308 1815 376 1859 esse
389 1795 534 1878 similem,
550 1798 622 1879 quie
633 1801 775 1860 ereatura
786 1802 844 1878 est,
859 1815 959 1880 neque
972 1798 1117 1880 spiritum
1129 1797 1192 1860 filio
1208 1799 1296 1862 simi-

137 1895 211 1980 lem,
232 1900 305 1981 quia
320 1920 339 1962 a
353 1897 417 1963 filio
433 1899 533 1964 faetus
552 1899 633 1981 ³est‚
652 1901 751 1982 magis
766 1900 921 1984 impietati
941 1919 1080 1984 paganae
1096 1904 1128 1964 et
1138 1901 1298 1983 iniquitati

200 2083 226 2138 5.
244 2083 359 2138 trinitate
372 2085 405 2139 Α.
463 2085 486 2138 6.
505 2085 535 2138 de
554 2085 632 2138 divini
650 2085 672 2138 h.
725 2085 749 2137 7.
767 2086 896 2140 sententia
912 2085 1116 2158 pronuntiaverit
1133 2086 1167 2140 A.
1186 2087 1297 2142 essentia

137 2154 339 2224 pronuntiaverit
352 2153 417 2207 Bab.
429 2155 558 2206 sententia
569 2153 747 2224 pronuntiauit
759 2171 780 2207 e.

200 2223 264 2292 (lap.
277 2221 391 2276 LXVllL
404 2227 430 2274 ia
443 2223 525 2275 Bato.
536 2227 687 2291 inscriptam
699 2232 736 2274 est
746 2223 904 2278 llvsosrrnsr.
917 2255 950 2264 -
969 2224 991 2276 l.
1003 2230 1044 2278 est
1054 2226 1088 2278 A.
1141 2223 1165 2278 2.
1177 2225 1297 2296 spiritum

136 2291 393 2344 nominassemus
417 2289 511 2344 dilium
525 2292 557 2344 Α.
570 2291 695 2344 Proderit
707 2292 860 2344 Galeardue.
895 2291 918 2345 3.
932 2294 1125 2364 estmugisom.
1138 2295 1173 2348 Α.

137 2445 319 2498 recentioribus
331 2451 360 2498 nt
371 2445 496 2510 Honorio,
511 2445 588 2500 Petro
600 2445 688 2500 Bruno
740 2445 822 2510 mins,
839 2447 1227 2516 quinqueremeouritam
1256 2465 1296 2502 ro-

136 2521 181 2566 ste.
201 2514 287 2582 Igitur
302 2531 354 2568 non
366 2514 406 2566 ias
423 2521 463 2566 est
474 2531 534 2568 cum
545 2515 688 2584 Epiphanio
740 2513 822 2579 duxit,
834 2521 904 2568 certe
915 2517 945 2568 A.
954 2515 1012 2568 392.
1024 2516 1198 2586 Hieronymus
1210 2535 1231 2571 o.
1238 2466 1296 2571 ilo.

135 2583 161 2634 in
171 2583 302 2635 Ancorato
314 2583 342 2634 T.
353 2580 376 2634 2.
386 2599 411 2651 p.
421 2582 462 2634 80.
473 2584 546 2636 illam
557 2583 689 2664 interpun-
740 2582 771 2636 de
784 2581 811 2635 S.
823 2581 852 2636 Ε.
866 2601 956 2652 „usque
967 2583 1049 2650 todia,
1060 2586 1152 2656 inquit,
1164 2591 1248 2638 virere
1258 2589 1296 2640 di-

136 2651 245 2704 ctionem
269 2651 341 2703 velut
367 2650 523 2704 haereticum
543 2657 570 2704 et
588 2652 690 2720 spuritui
741 2655 808 2702 citur
825 2656 852 2702 r'u
871 2651 1052 2722 Cappadocia,
1071 2665 1096 2706 et
1110 2657 1189 2706 multo
1207 2664 1297 2707 contro

136 2727 223 2772 saneto
236 2719 354 2787 iniquam
366 2735 486 2788 arguere,
503 2720 563 2772 licet
579 2737 689 2774 samse·
741 2721 874 2772 eeclesiam
896 2721 1031 2776 seribere.''
1066 2721 1117 2775 Sed
1141 2721 1297 2792 discipulum

135 2789 184 2840 ruti
196 2787 277 2840 stiam
289 2787 386 2840 luerint
397 2787 502 2856 quidam
513 2788 648 2854 haeretiei,
661 2795 690 2842 ut
740 2787 795 2840 Arii
812 2793 888 2841 vocat
903 2787 1069 2854 Philestrius,
1086 2789 1222 2844 haereseos
1240 2792 1296 2844 eius

137 2856 294 2936 Valentinus,
305 2855 429 2908 Heracleo
441 2863 490 2910 eto.
526 2857 583 2921 (F.)
741 2857 1085 2938 imiutstorepnudpgpstinus
1098 2875 1120 2912 e.
1133 2857 1174 2912 54.
1187 2859 1219 2912 de
1229 2859 1296 2912 Hae-

135 2923 689 3062 ..trt'thzttltltdtt‘itti
739 2925 1297 3066 {ttltttttltttt‘ttltlttwl

135 3077 172 3113 res
183 3060 690 3123 communite13videl‘euardentiumad
774 3062 799 3114 b.
816 3065 869 3114 tres
886 3078 944 3114 esse
961 3061 1075 3120 diversas
1110 3065 1224 3118 ualitstis
1235 3065 1296 3119 sub·

135 3129 240 3182 Arnobii
249 3135 276 3182 et
284 3129 432 3198 Serapionis
440 3127 594 3183 Oonfllctum
603 3129 689 3200 pouit.
741 3129 861 3196 stantiae]
874 3129 913 3182 Al.
924 3081 1187 3200 diversaequaiiraru.
1199 3133 1251 3186 Sed
1260 3135 1298 3188 its

135 3205 159 3248 et
169 3197 306 3266 Gregentii
317 3195 519 3266 disputationem
522 3215 555 3319 p
568 3199 592 3252 9.
632 3199 689 3262 (F.)
741 3197 1297 3320 millet92.„uaompnolr'tatrissubetautiam”

165 3265 238 3348 kin
253 3264 316 3346 lide]
338 3265 372 3346 In¹
384 3266 508 3346 baptismi
534 3267 645 3332 omnnia,
661 3267 688 3320 in
740 3266 910 3347 uosterdixit.
937 3267 964 3320 S.
998 3269 1138 3388 opustinus
1148 3286 1204 3340 cap.
1213 3271 1255 3324 54.
1265 3271 1297 3323 de

135 3340 484 3478 liifpsiiiiitfflliiili
498 3341 689 3466 illim
739 3333 1297 3476 tutenturtttttttttt‘t

136 3471 249 3524 Clasius
269 3472 382 3522 <lamisem
398 3475 474 3539 patri
491 3482 515 3524 et
530 3473 580 3523 aa·
595 3475 623 3523 iu
633 3473 688 3541 fida
740 3469 829 3525 omm.''
861 3461 960 3542 Nempe
975 3473 1065 3532 Ariani
1084 3491 1163 3545 supro
1179 3493 1200 3529 o.
1213 3475 1253 3528 66.
1270 3481 1297 3528 et

135 3539 252 3609 baptismi
261 3541 355 3590 solutis
367 3548 486 3592 aeternos
502 3544 619 3609 spiritum
632 3559 688 3594 oon·
739 3537 893 3591 Semiariani
904 3540 972 3608 apud
980 3541 1120 3611 Augustis.
1132 3561 1153 3598 c.
1163 3543 1204 3596 51.
1216 3559 1294 3612 trega·

134 3607 265 3662 sanserit?
300 3607 358 3672 (F.)
740 3605 803 3658 bant
813 3606 940 3660 duntaxat
956 3609 1040 3662 filium
1057 3628 1114 3664 esse
1125 3613 1192 3681 patri
1204 3609 1295 3680 ipsod-

165 3678 180 3729 l.
197 3675 307 3730 concedi
319 3675 689 3766 omnispeoestahosninibus]
741 3693 805 3744 σιον,
822 3681 850 3730 at
862 3671 1001 3796 &perosinus
1019 3685 1045 3734 et
1056 3680 1167 3734 similem
1178 3680 1294 3732 fateban-

133 3744 222 3798 Mettis.
234 3743 294 3798 XII.
305 3743 347 3796 31.
382 3749 395 3808 (
420 3746 442 3812 ,Ι
740 3749 793 3796 tur:
812 3744 857 3796 sed
892 3762 921 3798 oc
936 3746 1023 3815 ipsum
1039 3748 1117 3800 etiam
1132 3747 1295 3802 inficiabatur

163 3831 198 3867 ιι.
211 3813 320 3866 caelesti
328 3814 467 3880 sententia]
480 3813 519 3866 lta
527 3813 620 3882 scripsi
629 3830 688 3866 eum
740 3829 799 3866 oum
810 3813 886 3866 Aetio
898 3831 946 3866 suo
958 3813 1114 3880 Eunomius,
1126 3816 1199 3868 euius
1211 3821 1294 3870 secta·

134 3881 259 3936 Cotelerio
269 3881 338 3934 notis
348 3879 576 3934 adDamascenum
586 3882 688 3936 duliae·
739 3887 808 3934 tores
821 3881 977 3936 Eunomiani
994 3883 1054 3934 inde
1065 3883 1191 3936 Anemoei
1207 3901 1222 3936 a
1240 3885 1293 3954 pel·
1327 3936 1332 3947 ,

133 3967 179 4003 res.
191 3951 222 4004 Τ.
236 3951 259 4002 1.
271 3950 434 4003 Monument.
449 3967 475 4019 p.
487 3949 544 4002 782.
564 3951 634 4004 Male
646 3967 687 4002 su·
738 3949 784 4002 lati
797 3957 865 4002 suut.
877 3949 999 4004 Ennomii
1010 3951 1205 4019 Expositionem
1214 3901 1294 4018 didei,

134 4020 244 4086 periotes
250 4017 386 4082 editiones,
394 4021 624 4080 „eoelestiessentia
626 4037 688 4088 pro·
737 4023 764 4069 et
776 4019 973 4098 Apologetiourn
986 4017 1083 4070 Graece
1095 4025 1121 4072 et
1131 4019 1221 4074 Latine
1233 4021 1294 4074 dare

134 4086 315 4148 nuntiaverit,''
325 4085 463 4139 etllelmst.
472 4091 687 4156 ,praesentariam
737 4101 779 4137 me
791 4088 898 4139 memmi
906 4087 971 4140 libro
981 4085 1011 4140 V.
1020 4085 1089 4140 Bibl.
1099 4085 1213 4141 Graecae
1222 4106 1244 4142 o.
1252 4089 1292 4145 22.

133 4155 189 4209 νιί.”’
201 4153 468 4224 Estetiamquilegit:
479 4155 686 4224 „Bloaptemiam
737 4153 782 4205 nbi
795 4154 863 4206 dicta
874 4156 896 4207 si
908 4155 993 4224 placet
1003 4153 1069 4207 vide.
1088 4155 1170 4222 [Adde
1179 4165 1293 4210 notatae

134 4225 163 4274 de
179 4226 262 4276 dierat
278 4232 302 4274 et
317 4225 447 4275 adorandi
462 4228 574 4320 spirr'tos
584 4225 688 4276 caelesti
736 4219 800 4276 Rev,
818 4222 856 4276 Vo
877 4223 913 4274 tio
931 4219 992 4274 fase.
1005 4221 1029 4275 3.
1046 4219 1113 4278 Bibl.
1130 4225 1292 4279 Haeresiolo-

133 4297 239 4344 mentia
245 4292 472 4360 unanimiores-ir)
491 4291 542 4344 Sed
548 4293 686 4360 longema-
757 4290 810 4342 ioue
821 4309 846 4360 p.
858 4239 916 4342 de.
929 4307 992 4368 seq„
1009 4291 1053 4344 ubi
1068 4291 1156 4346 iacobi
1167 4293 1292 4364 Basnagii

133 4359 606 4484 ψειοὺιίχβοξιῆιίιίἰοωιιᾶῗῒίιιιιιιιι.
620 4359 686 4494 Afflp
737 4305 813 4494 diem]
821 4358 962 4492 ιὶἂξθα,
978 4359 1023 4414 ubi
1039 4363 1173 4430 catalogus
1185 4364 1292 4433 scripto.

197 4446 238 4482 a.
360 4445 602 4482 .-e.rno1uo
643 4445 673 4480 ιιι
736 4445 800 4480 rurn.
887 4468 893 4480 .

134 4447 285 4550 Nondiium
294 4499 380 4567 ipsum
390 4447 685 4560 ianrA.33ti.inortuurn‚
770 4513 791 4549 o.
810 4496 923 4560 utenti,
946 4498 1047 4566 argenti
1063 4500 1178 4566 etaeris]
1197 4499 1292 4554 Confer

133 4567 178 4618 sed
194 4565 298 4622 Aetium
320 4567 354 4618 ab
370 4566 400 4618 d.
416 4564 473 4618 356.
490 4567 586 4620 audivit
603 4566 687 4620 Euno·
738 4565 864 4636 Epiphsn.
875 4565 994 4624 lxxvi.
1007 4567 1030 4622 2.
1043 4585 1067 4639 p.
1080 4567 1137 4623 914.
1147 4569 1177 4624 l).
1212 4573 1226 4632 (
1250 4579 1269 4638 .)

1061 4651 1091 4706 5·
