3112 4986
277 406 446 472 calliditate
460 411 650 492 supponeret
664 405 772 472 dicens
799 405 912 472 adhoc
927 424 997 472 earn
1012 403 1079 472 dari
1094 405 1290 482 hominibus,
1304 411 1342 470 ut
1360 423 1440 492 quaa

274 511 378 575 facere
393 531 450 596 per
464 510 597 576 liberum
611 509 759 574 iubentur
773 507 949 592 arbitrium,
963 509 1087 574 facilius
1101 512 1224 596 possint
1237 507 1369 594 implere
1384 527 1442 594 per

276 617 418 695 gretiam.
454 613 594 678 Dicendo
610 615 728 697 utique,
742 612 785 678 Ut
800 611 922 678 facilius
938 612 1183 702 possint,voluit
1198 611 1294 694 credi,
1314 613 1437 676 etiamsi

276 715 449 798 difficilius,
468 723 575 782 tanmn
596 735 687 800 posse
708 715 850 780 homiues
876 718 944 779 aine
970 719 1069 798 gratia
1088 715 1195 780 divina
1220 715 1322 778 facere
1343 717 1436 780 iussa.
1540 762 1541 796 ,

274 817 364 884 lllam
377 839 451 884 vero
467 821 599 902 gratiam
615 818 666 882 dei
688 821 755 882 sine
775 837 836 902 qua
857 818 936 884 nihil
957 817 1031 882 boni
1051 837 1217 904 possumus
1236 817 1356 899 facere,
1375 835 1439 882 nou

274 943 343 985 esse
360 921 469 986 dicunt
483 924 545 986 nisi
560 923 593 984 in
608 920 706 985 libero
725 920 865 1001 arbitrio,
885 920 967 1004 quod
987 921 1082 984 nullis
1098 924 1162 986 suis
1177 919 1438 1006 praecedentibus

273 1027 394 1090 meritis
410 1025 449 1088 ab
465 1023 518 1087 illo
534 1025 656 1108 accepit
671 1031 777 1088 nostra
791 1030 917 1104 natura,
937 1022 1050 1088 adhoc
1066 1030 1189 1088 tantum
1208 1025 1325 1108 inipso
1346 1021 1435 1087 adiu-

272 1133 367 1192 vante
383 1147 438 1211 per
450 1147 542 1190 suam
561 1126 662 1210 legem
677 1131 769 1210 atque
790 1125 980 1207 doctrinam,
1000 1133 1036 1189 ut
1058 1125 1214 1192 diseamus
1235 1145 1314 1210 quae
1334 1125 1437 1192 iacere

274 1237 306 1292 et
321 1249 401 1314 quae
416 1249 541 1314 sperare
558 1228 743 1310 debeamus,
763 1249 826 1294 nou
848 1235 953 1292 autem
968 1228 1095 1310 adhoc,
1114 1235 1151 1292 ut
1163 1249 1220 1314 per
1239 1227 1357 1294 donum
1372 1231 1438 1314 spi-

274 1335 352 1396 ritus
366 1332 446 1412 8ειιί,
458 1351 536 1415 quae
552 1331 754 1396 didicerimus
769 1351 838 1395 esse
853 1330 1025 1413 ⁹faoienda,
1045 1331 1204 1396 faciamus.
1242 1331 1288 1396 lle
1308 1351 1366 1417 per
1377 1331 1437 1397 lroc

275 1435 425 1498 diuinitus
438 1435 528 1498 nobis
544 1434 611 1498 dari
627 1436 792 1498 seientiam
808 1435 1010 1516 confitentur,
1030 1455 1093 1520 qua
1108 1437 1282 1518 ignorantia
1296 1433 1437 1520 pellitur;

277 253 338 318 Μ
510 313 515 326 .
782 247 935 292 ΔΠΘῘΜῙΙῙ

274 1538 436 1602 caritatem
455 1543 560 1602 autem
575 1537 642 1600 dari
656 1543 783 1621 negant,
803 1557 864 1621 qua
882 1539 933 1623 pio
953 1539 1084 1602 viviturt
1103 1543 1138 1601 ut
1152 1537 1288 1618 scilicet,
1309 1539 1438 1602 sumsit

274 1639 324 1706 dei
345 1639 461 1707 donum
481 1642 614 1704 scientia
634 1659 712 1724 quae
734 1642 802 1704 sine
822 1641 951 1705 caritate
971 1640 1075 1722 inflat,
1099 1661 1162 1706 non
1183 1643 1225 1706 sit
1246 1639 1296 1704 dei
1319 1639 1437 1705 donum

274 1746 343 1830 ipsa
356 1746 480 1824 caritas,
497 1761 575 1827 qnae
587 1749 623 1806 ut
633 1745 765 1808 scientia
776 1763 840 1808 non
850 1743 940 1808 inflet
954 1743 1135 1808 loaedificat.
1157 1743 1332 1808 Destruunt
1342 1745 1437 1809 etiam

273 1849 430 1912 orationes
446 1866 523 1930 quas
538 1847 614 1909 lacit
628 1845 778 1928 ecelesia,
801 1847 867 1910 sive
886 1867 942 1931 pro
962 1845 1141 1910 infidelibus
1162 1851 1195 1909 et
1209 1845 1371 1911 doctrinae
1386 1844 1437 1910 dei

272 1950 509 2031 resistentibus,
524 1954 559 2012 ut
575 1954 797 2014 convertantur
810 1945 851 2013 ad
866 1948 975 2014 deum:
991 1951 1056 2014 sive
1075 1969 1132 2034 pro
1147 1947 1309 2032 fidelibus,
1329 1955 1366 2014 ut
1380 1969 1435 2013 au-

272 2058 381 2136 geatur
395 2051 429 2115 in
445 2051 490 2116 eis
506 2050 595 2132 fides,
610 2057 642 2114 et
655 2057 857 2137 perseverent
871 2053 904 2116 in
920 2071 965 2116 ea.
1002 2051 1086 2116 Haeo
1102 2053 1217 2136 quippe
1232 2071 1297 2117 uon
1311 2049 1351 2116 ab
1367 2055 1435 2140 ipso

273 2157 425 2240 accipere,
441 2153 497 2218 sed
508 2175 530 2217 a
541 2155 653 2238 seipsis
664 2155 807 2220 homiues
822 2153 938 2218 habere
950 2153 1155 2236 contendunt,
1169 2157 1301 2238 gratiam
1312 2153 1364 2220 dei
1376 2175 1437 2240 qua

274 2256 444 2322 liberamur
469 2256 509 2322 ab
535 2257 695 2340 impietate
721 2257 861 2322 dicentes
888 2255 1061 2322 seeundum
1088 2257 1201 2322 merita
1225 2263 1334 2323 nostra
1358 2255 1434 2324 dari.

274 2360 363 2438 Quod
388 2359 516 2446 quidem
540 2357 685 2442 Pelagius
711 2362 745 2424 in
769 2359 939 2446 episcopali
960 2359 1075 2424 iudicio
1094 2359 1272 2426 Palaestino
1292 2359 1436 2426 damnari

272 2469 414 2529 metuens
431 2463 578 2528 dammam
594 2461 773 2548 compulsus
789 2469 848 2545 est,
869 2462 925 2527 sed
940 2463 974 2528 in
988 2461 1212 2549 posterioribus
1228 2465 1293 2527 suis
1308 2465 1436 2550 scriptis

272 2567 332 2632 hoe
346 2569 505 2631 invenitur
520 2566 639 2632 dooere.
675 2565 712 2630 In
727 2565 760 2630 id
775 2568 871 2630 etiam
885 2565 1141 2651 progrediuntur,
1161 2571 1197 2630 ut
1211 2563 1321 2630 dicant
1336 2567 1437 2632 vitam

272 2672 425 2736 iustorum
439 2669 473 2733 in
493 2669 552 2734 hoc
567 2668 671 2735 seculo
691 2667 813 2732 nullum
828 2669 955 2733 omnino
976 2668 1092 2733 habere
1107 2675 1270 2754 peccatum
1284 2675 1317 2732 ct
1331 2688 1373 2733 ex
1386 2669 1436 2735 his

272 2772 437 2840 ecclesiam
452 2773 568 2838 Christi
582 2773 615 2837 in
630 2772 688 2836 hac
703 2770 892 2836 mortalitate
907 2771 1027 2857 perlici,
1041 2777 1077 2836 at
1091 2773 1133 2836 sit
1146 2773 1272 2836 omrrino
1288 2773 1435 2838 sinemu-

272 2875 343 2941 cula
357 2882 390 2940 et
404 2875 524 2958 ¹¹ruga3
540 2877 631 2958 quasi
642 2895 706 2941 non
721 2876 763 2938 sit
774 2873 890 2938 Christi
902 2873 1044 2954 ecclesia,
1058 2893 1140 2958 quae
1156 2875 1190 2938 in
1201 2879 1267 2939 toto
1278 2881 1436 2941 terrarum

228 3053 233 3062 ,
272 2979 346 3044 orbe
368 2976 484 3042 clamat
503 2977 544 3041 ad
566 2977 673 3060 dcam,
700 2975 861 3040 ¹²Dimitte
882 2975 973 3041 nobis
994 2975 1103 3041 debita
1120 2983 1237 3042 nostra.
1282 2975 1435 3044 Parvulos

271 3083 367 3146 etiam
381 3085 498 3161 negant
518 3079 690 3144 secundum
705 3078 807 3143 Adam
828 3079 995 3144 carnaliter
1014 3086 1104 3146 natos
1127 3079 1304 3164 contagium
1322 3083 1435 3146 mortis

271 3183 418 3268 antiquae
433 3184 535 3266 prima
549 3183 712 3246 nativitate
728 3179 922 3247 contrahere.
958 3181 1011 3247 Sic
1027 3184 1112 3248 enim
1127 3201 1180 3246 eos
1195 3183 1264 3246 siue
1278 3179 1343 3248 ullo
1357 3201 1434 3269 pec·

273 3285 336 3351 cati
351 3283 511 3368 originalis
525 3281 650 3349 unoulo
665 3290 810 3350 asserunt
824 3287 927 3368 nasci,
948 3291 984 3350 ut
996 3305 1123 3371 prorsus
1144 3303 1208 3349 non
1228 3286 1271 3350 sit
1289 3283 1374 3369 quod
1389 3285 1434 3351 eis

271 3393 412 3474 oporteat
426 3386 565 3452 secunda
579 3386 742 3451 nativitato
757 3387 889 3469 dimitti,
905 3386 960 3452 sed
976 3407 1028 3452 eos
1043 3393 1208 3473 propterea
1219 3385 1385 3472 baptizari,
1397 3394 1434 3454 ut

271 3491 503 3574 regeneratione
519 3489 658 3574 adoptati
673 3489 879 3554 admittantur
893 3489 933 3556 ad
948 3509 1079 3573 regnum
1094 3489 1156 3572 dei,
1171 3489 1210 3554 de
1223 3489 1304 3556 bono
1318 3490 1353 3555 in
1364 3509 1432 3556 me·

270 3593 331 3658 lius
346 3591 501 3674 translati,
516 3612 579 3656 non
594 3593 656 3656 ista
669 3594 871 3658 renovatione
886 3591 926 3657 ab
941 3591 1045 3676 aliquo
1066 3591 1149 3658 malo
1164 3591 1364 3675 obligationis
1378 3613 1431 3659 re·

270 3699 345 3760 teria
361 3695 504 3760 absoluti.
541 3693 622 3759 Nam
637 3695 838 3775 etiamsinon
853 3693 1062 3780 baptizentur,
1082 3697 1269 3780 promittunt
1283 3697 1329 3760 eis
1344 3705 1434 3761 extra

272 3818 402 3882 regnum
417 3797 543 3882 quidem
555 3797 616 3878 dei,
631 3797 687 3862 sed
698 3803 804 3862 amen
815 3803 976 3862 aeternam
988 3803 1019 3860 et
1030 3795 1155 3862 beatam
1165 3795 1324 3882 quandam
1333 3801 1434 3864 uitam

271 3921 369 3966 suam.
405 3901 514 3986 ipsum
529 3919 650 3984 quoque
665 3899 768 3965 Adam
783 3899 902 3982 dieunt,
917 3900 1014 3965 etiam
1028 3902 1055 3964 si
1069 3919 1134 3966 non
1147 3905 1320 3986 peccasset,
1332 3897 1433 3967 fuisso

271 4023 398 4089 corpore
414 4005 610 4084 moriturum,
632 4023 734 4087 neque
749 4002 794 4068 ita
807 4009 965 4068 mortuum
978 4003 1091 4068 merito
1106 3999 1264 4088 ¹³oulpaa,
1283 4001 1340 4070 sed
1355 4024 1432 4071 oon-

270 4105 389 4172 ditiuna
407 4113 547 4172 naturae.
584 4104 782 4170 Obiioiautur
806 4107 852 4170 eis
874 4109 907 4170 ct
930 4105 993 4170 alia
1010 4103 1175 4187 nonnulla,
1199 4103 1257 4170 sed
1275 4107 1338 4172 ista
1357 4113 1434 4174 aunt

320 4257 345 4311 8.
361 4257 405 4310 Sic
416 4257 490 4312 MSS.
503 4257 578 4312 Edita·
592 4277 651 4312 aare
663 4258 769 4329 spiritua
781 4257 872 4311 sancti
908 4255 1028 4328 (Βοιαὶ.)
1062 4258 1089 4340 9⁸.
1103 4257 1432 4342 Siclapeadameznaoro·

268 4324 1041 4466 hierocaesareaecurcua
1060 4325 1433 4452 ufuffuruatia

155 4531 158 4546 ι
267 4411 494 4600 ffffidgrjoglh,
513 4462 552 4517 12.
618 4461 657 4518 13.
675 4461 741 4516 Edit
755 4462 854 4516 baama
870 4477 956 4532 neque
969 4469 1101 4518 manuum
1111 4463 1206 4518 meritc
1222 4477 1325 4535 capsa,
1340 4473 1432 4518 οιιιωο
