3100 4980
270 265 333 332 898

271 417 388 471 Cassian.
400 417 486 470 collat.
497 417 541 470 lib.
555 416 608 470 VII.
621 431 677 487 sap.
688 416 747 471 XV.
758 416 804 471 iol.
818 416 890 471 lost.
915 417 991 469 Nulli
1002 417 1103 470 dubium
1115 425 1159 480 est,
1170 417 1237 486 quod
1243 419 1342 484 possint
1351 417 1449 484 spiri·

271 495 310 538 tus
321 487 441 537 immundi
452 489 630 553 cogitationum
642 495 788 537 normarum
805 489 929 552 arenosos
941 487 1084 554 qualitates,
1096 488 1142 537 esd
1151 487 1257 538 indicias
1268 502 1311 536 eas
1324 485 1448 535 samios·

270 557 486 622 iiiussorinsecus
497 555 648 622 colligentes,
665 557 695 606 id
706 565 749 616 est,
764 571 794 605 ea
805 557 898 605 nostris
910 555 1120 622 dispositionibus,
1134 565 1179 606 aut
1189 554 1278 614 aerim
1294 563 1317 604 et
1327 555 1447 613 studiis,

270 627 298 674 in
309 641 373 692 quoe
380 627 532 692 propensius
548 626 722 692 conspexerint
737 641 780 674 noa
795 623 926 674 inclinari.
956 621 1088 674 Caeterum
1103 623 1177 684 iiius,
1199 639 1263 691 quac
1277 622 1384 672 necdum
1406 623 1446 672 de

269 695 376 744 internis
388 695 490 742 animae
500 693 657 760 prodierunt,
670 693 745 743 adire
756 695 853 742 omnino
865 709 913 742 non
922 700 1035 760 possunt.
1064 690 1141 760 Ipsos
1152 707 1246 758 ortoque
1257 693 1444 756 cogitationes,

270 779 333 828 quas
350 764 479 828 inqerunt,
495 770 577 810 utrum
594 770 727 828 susceptae
744 763 805 822 sint,
821 760 862 810 oei
872 761 1076 828 quemadmodum
1092 769 1223 828 suceptae
1239 762 1300 819 sint,
1317 775 1366 809 non
1379 775 1444 826 per

270 833 349 898 epam
362 831 463 880 animae
474 837 600 892 naturam,
617 830 648 880 id
663 836 700 878 eet
709 845 759 897 per
770 829 840 878 ilium
851 831 996 880 interiorem
1008 837 1097 879 motam
1113 831 1141 878 in
1152 827 1266 880 medullis
1277 829 1379 896 saepiu
1393 827 1443 876 la-

270 903 390 959 titantem,
403 898 449 948 sed
460 914 490 947 aa
501 897 642 948 motibasat
674 898 803 948 sindiciis
815 899 948 948 exterioris
964 895 1072 948 hominis
1084 898 1115 948 ds
1148 895 1277 948 ciendum.
1305 895 1328 945 Α
1419 893 1443 933 ’-

269 969 461 1086 ffiriniim'
473 964 517 1016 lib.
529 963 560 1016 lI.
573 980 629 1035 cap.
670 963 732 1018 XX.
761 963 875 1017 Thomas
891 964 1008 1034 Aquinas
1020 968 1086 1034 part.
1113 1004 1119 1016 .
1150 980 1229 1016 amm.
1242 901 1441 1032 quaesffi

225 1058 226 1062 ¹
320 1049 369 1087 cu.
417 1071 423 1084 .

320 1101 356 1154 Ca
376 1093 528 1154 .LXXXII.
542 1131 576 1142 -
603 1101 661 1154 Non
679 1117 769 1154 omnes
786 1101 870 1154 malm
886 1100 1058 1182 cogitationes
1074 1117 1128 1153 sem
1149 1117 1175 1152 er
1187 1099 1284 1152 diaboli
1293 1097 1457 1168 instinctu1.

268 1169 343 1224 Hune
358 1118 448 1222 iocum
463 1169 579 1222 imitatrrs
595 1175 636 1222 est
651 1169 724 1222 Beda
738 1171 767 1222 in
783 1171 900 1224 Marcum
915 1169 959 1223 lrb.
971 1168 1003 1222 11.
1021 1186 1076 1240 cap.
1088 1117 1147 1222 vti
1160 1173 1222 1222 tom.
1234 1167 1289 1221 VII.
1300 1168 1327 1220 in
1338 1165 1438 1222 homil.

269 1237 423 1308 quadrages.
439 1237 484 1290 iol.
501 1237 559 1290 858.
576 1239 602 1290 in
620 1238 665 1292 lib.
680 1238 824 1308 quaestion.
841 1243 902 1290 toni.
919 1237 985 1292 VIII.
1003 1237 1048 1292 tol.
1065 1237 1124 1290 405.
1161 1237 1250 1288 Meter
1266 1239 1441 1302 capitatione·

268 1309 353 1359 maiae
371 1325 419 1359 raon
434 1324 532 1375 semper
547 1311 669 1358 instinctu
686 1308 783 1359 diaboii
799 1311 953 1368 excitaretur,
972 1308 1018 1358 sed
1033 1307 1172 1374 aliquando
1188 1323 1219 1357 ea
1235 1309 1314 1356 nostri
1324 1305 1440 1356 arbitrii

269 1386 334 1428 motu
347 1383 512 1443 emeryuntur.
544 1373 631 1427 Bonae
648 1384 730 1428 autem
748 1379 913 1442 cogitationes
928 1392 1026 1444 semper
1037 1394 1055 1427 a
1068 1377 1113 1426 deo
1125 1383 1189 1424 eunt.
1216 1373 1393 1440 Hieronymus
1405 1373 1439 1424 In

269 1441 362 1496 Metth.
374 1443 418 1496 lib.
430 1441 462 1495 II.
475 1458 530 1512 cap.
542 1443 599 1496 XV.
612 1443 656 1496 tol.
668 1443 710 1496 31.
738 1444 881 1511 Arpuendi
925 1448 936 1493 i
948 1443 1370 1511 cogitationesodiaholaisrmitti
1379 1459 1438 1508 pu·

270 1521 331 1574 tant,
344 1523 369 1564 et
380 1529 427 1564 non
439 1529 469 1563 er
476 1514 589 1580 propria
600 1515 675 1563 nosci
685 1512 819 1565 voluntate.
837 1512 892 1564 Dia
909 1513 962 1563 eius
974 1513 1077 1563 adiutor
1088 1521 1112 1562 et
1122 1515 1238 1564 incensor
1248 1511 1378 1561 malarum
1390 1525 1438 1562 co·

267 1583 418 1648 gitationum
430 1589 585 1648 potestesse,
602 1591 692 1632 auctor
703 1597 755 1631 esse
767 1599 815 1632 teon
822 1590 912 1649 potest.
942 1579 972 1630 Si
983 1589 1065 1631 autem
1076 1597 1174 1648 semper
1184 1583 1211 1630 in
1222 1579 1323 1630 insidiis
1330 1581 1439 1646 peritus

269 1649 345 1700 lesem
358 1651 536 1716 cogitationum
548 1659 691 1700 nostrarum
701 1649 840 1700 scientiam
852 1652 905 1699 suis
915 1648 1048 1718 fomitibus
1062 1649 1236 1715 inflammarit,
1253 1664 1300 1698 noa
1316 1647 1438 1698 dehemus

268 1720 379 1786 opinari,
392 1735 445 1768 eum
458 1718 543 1768 cordis
554 1735 646 1786 quoque
657 1718 757 1770 occulta
766 1719 866 1778 menam,
878 1719 923 1768 sed
934 1735 964 1768 ex
976 1717 1091 1786 corporis
1100 1715 1187 1768 habitu
1200 1725 1224 1767 et
1232 1715 1342 1782 gestibus
1353 1719 1437 1766 omat-

269 1803 340 1836 more
356 1787 418 1854 quid
428 1802 552 1836 versemus
567 1789 732 1846 intrinsecum
749 1785 821 1837 verbi
834 1793 931 1852 pratea,
949 1788 973 1835 si
986 1783 1124 1854 pulchram
1141 1785 1269 1835 mulierem
1286 1801 1330 1834 nos
1341 1783 1436 1836 crebra

269 1855 365 1906 viderit
374 1856 508 1922 inspicere,
520 1854 641 1920 intelligit
651 1871 695 1905 eor
703 1855 789 1905 iaculo
801 1857 896 1905 amoris
907 1855 1073 1906 uulneratum.

318 1921 481 1990 Aliquotiens
494 1937 526 1972 ex
538 1921 620 1973 nostri
631 1921 740 1988 arbitrii]
770 1919 948 1990 Cogitationes
959 1925 1015 1972 tum
1027 1921 1123 1985 boam,
1134 1925 1191 1972 turn
1201 1920 1286 1972 malas
1299 1919 1385 1988 gignit
1396 1935 1435 1972 ex

269 2006 326 2042 sese
338 2005 390 2042 cor.
408 1988 495 2042 Bonas
508 1989 613 2058 quidem
624 2005 659 2040 ex
670 1990 839 2059 suggestione
851 1989 914 2042 boni
925 1989 1040 2059 spiritns,
1051 1989 1177 2042 malasar
1189 1989 1362 2040 amarulentis
1371 1987 1434 2040 dae-

268 2073 384 2110 monum.
413 2055 525 2110 Basilius
541 2057 655 2126 Magnus
672 2058 700 2110 in
717 2058 849 2112 constitut.
868 2058 1030 2110 exercitator.
1048 2073 1108 2126 cap..
1120 2056 1202 2110 XVII
1231 2055 1385 2109 Ambrosias
1403 2057 1434 2108 in

267 2125 401 2192 Psalmum
419 2124 532 2178 CXVIII.
543 2125 589 2179 iol.
604 2125 661 2178 966.
673 2132 736 2178 tom.
747 2125 778 2178 Il.
809 2125 950 2196 Gregorius
966 2125 989 2177 N
1008 2141 1101 2178 ssenns
1116 2124 1205 2178 homil.
1221 2123 1268 2177 IX.
1285 2125 1315 2177 in
1330 2124 1434 2176 cantica

269 2195 390 2248 canticos.
403 2191 493 2248 lohan.
507 2193 614 2247 Gereon.
623 2192 647 2246 3.
660 2199 725 2263 part.
738 2211 752 2246 o
772 2211 845 2246 erum
911 2194 967 2246 .71.
985 2142 1132 2246 Viadoehue
1145 2193 1176 2246 de
1184 2191 1292 2274 perfect.
1304 2209 1317 2244 s
1336 2193 1433 2245 iritnali

875 2211 890 2246 8

268 2210 1292 2451 stessi:stetissetitsiiestepanis.
1317 2276 1432 2381 see

269 2400 323 2452 sias
335 2399 369 2452 ad
379 2397 535 2452 Antiochum
548 2405 647 2467 quaest.
659 2399 717 2452 XV.
735 2399 860 2469 Origenes
872 2400 900 2452 In
910 2399 1009 2452 Lucam
1022 2415 1076 2468 cap.
1114 2441 1121 2453 .
1133 2396 1222 2450 homil.
1233 2396 1293 2450 XII.
1311 2397 1344 2449 Si
1354 2399 1432 2449 torm

269 2471 433 2536 cogitationes
444 2471 471 2519 in
484 2469 559 2520 corde
572 2477 654 2519 nostro
665 2471 773 2535 juerint,
792 2477 816 2519 et
825 2471 853 2519 in
865 2471 949 2520 anirno
961 2471 1060 2519 iustitia
1068 2468 1220 2536 pullularit,
1239 2464 1313 2517 haud
1323 2468 1431 2526 tutan,

267 2540 328 2604 quin
341 2535 410 2588 nobis
421 2537 537 2604 loquatur
548 2537 654 2603 angelus
666 2539 767 2590 domiui.
796 2535 826 2587 si
836 2554 895 2588 vero
906 2537 976 2588 maia
982 2539 1085 2616 pruriat
1094 2539 1122 2586 in
1130 2536 1210 2586 corde
1221 2542 1307 2586 noetm
1318 2543 1431 2596 ansata,

268 2605 377 2672 ioquitur
388 2605 458 2657 nobis
469 2606 575 2672 anpeius
587 2605 690 2656 diaboii.
708 2603 872 2658 Bernhardus
884 2605 912 2657 in
923 2603 1034 2656 meditat
1043 2619 1099 2672 cap.
1111 2603 1169 2656 XV.
1188 2602 1256 2654 Caro
1268 2621 1326 2654 mea
1340 2605 1371 2655 de
1382 2603 1431 2654 tato

269 2682 313 2734 est,
325 2681 350 2724 et
359 2675 416 2724 ideo
428 2675 523 2724 lutosae
535 2676 700 2739 cogitationes
712 2673 744 2724 ab
756 2674 804 2724 itta
817 2671 904 2726 habeo.
940 2672 1028 2724 Vanae
1039 2681 1065 2724 et
1075 2675 1190 2723 curiosas
1202 2689 1218 2722 a
1231 2673 1332 2734 mundo,
1345 2690 1363 2722 a
1374 2672 1430 2722 dia·

268 2741 322 2794 hoio
334 2743 417 2793 maias
429 2749 453 2793 et
463 2742 612 2794 malitiosas.

318 2807 408 2863 Bonae
419 2825 449 2862 oo
471 2809 590 2862 'ahenea
603 2825 705 2878 semper
716 2825 732 2860 a
743 2807 791 2862 deo
804 2811 875 2874 sunt]
892 2805 1041 2876 Hieronym.
1054 2808 1081 2862 in
1090 2805 1215 2862 Ezechiel.
1227 2807 1272 2860 lih.
1282 2806 1315 2858 V.
1328 2823 1350 2859 o.
1360 2803 1430 2860 XVI

269 2876 440 2944 Cogitationes
451 2824 531 2930 66ηαε
543 2897 560 2929 α
573 2879 618 2929 deo
630 2876 769 2929 iominibue
780 2881 933 2931 inseruntur.
961 2875 1126 2930 Bernhardus
1144 2892 1222 2946 super
1238 2877 1429 2928 tantitatem

267 2945 381 2999 XXXII.
392 2945 437 2998 tol.
450 2944 508 2998 666.
537 2945 598 2998 Cum
615 2947 685 2998 anaia
697 2949 723 2996 in
736 2945 811 2997 corde
823 2961 962 3008 versamus,
977 2954 1064 2997 nostra
1077 2949 1197 3009 cogitatio
1210 2952 1254 3006 est,
1266 2948 1290 2995 ei
1302 2945 1377 3006 bosa,
1389 2946 1432 2996 tei

268 3031 349 3066 sermo
361 3023 405 3066 est.
425 3013 488 3066 Vide
499 3013 572 3066 illum
585 3014 612 3066 in
624 3013 668 3065 lib.
680 3012 711 3065 de
723 3013 839 3066 interiori
851 3013 927 3066 domo
940 3029 996 3083 oap.
1007 3012 1136 3066 XXXIX.
1149 3019 1176 3066 et
1186 3011 1243 3066 XL.

319 3080 382 3152 Gap.
390 3080 536 3135 LXXXIII.
550 3111 583 3122 —
600 3081 745 3134 Daemones
757 3097 803 3151 per
815 3079 932 3150 ἐνέργειαν
950 3098 1002 3136 non
1014 3081 1142 3134 credimus
1154 3079 1369 3150 substantialiter]
1387 3078 1431 3133 lli·

268 3149 361 3218 dymus
374 3150 405 3203 de
417 3149 509 3219 spiritu
521 3156 609 3203 sancto
620 3150 663 3202 lib.
672 3149 715 3202 III.
735 3153 855 3202 Animam
866 3151 907 3202 oei
915 3159 1016 3202 mentem
1025 3149 1132 3202 hominis
1143 3151 1213 3202 nulia
1224 3159 1347 3202 creatura
1359 3153 1431 3200 tauta

267 3221 434 3270 substantiam
441 3227 525 3287 potest
534 3220 647 3338 impiere,
664 3222 714 3268 nisi
724 3219 779 3290 sota
792 3222 903 3272 trinitas.
932 3217 991 3270 Non
1010 3225 1092 3270 autem
1104 3221 1309 3286 participatione
1321 3227 1431 3268 neumae

268 3288 356 3356 impiet
366 3290 505 3355 quempiam
518 3288 562 3338 dia
580 3287 641 3349 olus,
659 3289 768 3338 auteiru
779 3286 909 3338 habitator
921 3288 1040 3354 esfiaimr,
1055 3287 1101 3338 sed
1113 3303 1163 3354 per
1172 3286 1390 3353 fraudulentiam,
1407 3291 1433 3336 ct

270 3357 445 3424 deceptionem,
464 3363 488 3406 st
498 3356 622 3406 maiitiam
635 3353 781 3406 inhabitare
793 3359 819 3406 in
832 3371 858 3406 co
872 3357 991 3416 creditur,
1004 3371 1073 3422 quem
1084 3356 1205 3473 implerit.
1234 3353 1299 3406 Vide
1312 3351 1432 3406 Clemen-

267 3429 321 3476 tem
338 3421 505 3476 Alexandrin.
524 3422 645 3476 stromat.
657 3423 702 3476 lib.
714 3421 745 3475 ll.
757 3421 801 3475 fol.
817 3421 872 3474 177.
902 3421 1056 3476 Cassianam
1073 3422 1113 3474 col
1125 3427 1158 3474 at
1176 3421 1221 3474 lib.
1233 3419 1287 3475 Vll.
1300 3437 1331 3474 ca
1351 3462 1358 3474 .
1371 3419 1431 3474 XII.

268 3491 376 3545 eerll.
405 3489 571 3545 Parrhasium
583 3491 728 3543 Diaconum
739 3489 848 3544 Roman.
866 3489 897 3542 de
908 3491 1000 3560 spiritu
1012 3497 1102 3543 sancto
1114 3490 1159 3544 lib.
1172 3488 1204 3542 ll.
1216 3505 1273 3558 cap.
1284 3488 1305 3542 l.
1331 3437 1432 3542 isam

267 3559 295 3613 ia
307 3561 371 3612 Acta
383 3561 492 3628 apostol.
506 3575 536 3612 ca
556 3598 562 3611 .
576 3559 604 3611 V.
617 3557 661 3614 iol.
675 3557 733 3611 878.
762 3559 886 3612 Aratorem
905 3558 936 3610 de
953 3559 1044 3628 optrito
1063 3565 1088 3610 et
1104 3558 1192 3611 anima
1208 3574 1224 3609 a
1242 3557 1277 3610 od
1289 3557 1431 3626 Augustis,

267 3634 330 3681 tom.
343 3627 367 3682 8.
379 3627 424 3681 iol.
437 3626 493 3680 618.
507 3643 527 3680 o.
569 3626 649 3680 XVII.
674 3625 802 3680 Thomam
813 3627 935 3695 Aquinat.
947 3625 1093 3690 Quodlibet.
1106 3625 1131 3679 3.
1142 3575 1242 3680 emicui
1255 3624 1322 3679 Vlll.
1343 3623 1431 3678 Boua·

267 3704 404 3750 venturam
415 3697 459 3748 lib.
471 3694 502 3748 ll.
515 3703 625 3750 sentent.
638 3694 749 3748 dietim.
762 3693 827 3747 VIII.
839 3711 939 3748 numer.
951 3694 992 3746 48.
1014 3693 1118 3748 Petrum
1129 3693 1306 3748 Lembardum
1318 3699 1431 3748 sentent

267 3765 311 3820 lib.
324 3763 355 3818 IL
368 3763 482 3818 distinct.
498 3763 562 3816 Vlll.
576 3763 619 3818 ubi
631 3763 763 3832 integrum
775 3761 823 3816 hoo
836 3769 914 3833 caput
925 3763 974 3816 sub
986 3763 1092 3816 nomine
1106 3761 1235 3816 Gennadii
1246 3763 1318 3816 citat.

319 3832 381 3902 Cap.
394 3831 540 3886 LXXXIV.
554 3861 587 3872 -
609 3831 638 3884 Si
658 3847 692 3884 na
704 3838 730 3884 et
741 3831 859 3900 prodigia
870 3839 1017 3901 peccatores
1028 3831 1113 3884 facem
1150 3831 1240 3885 horor.
1254 3829 1430 3884 Commenta.

267 3901 295 3956 in
306 3899 398 3955 Matth.
411 3917 433 3953 c.
447 3899 501 3955 Vll.
518 3899 606 3954 homil.
676 3900 705 3952 V.
720 3915 742 3952 o.
754 3899 829 3954 XXI.
848 3897 936 3952 homil.
954 3898 1055 3952 XXIX.
1073 3915 1095 3952 c.
1165 3897 1208 3952 IV.
1225 3897 1315 3952 lmrnil.
1332 3897 1430 3952 XLIX.

267 3969 340 4022 Beda
350 3971 377 4022 in
390 3969 495 4038 Apocal.
508 3984 564 4038 cap.
577 3967 647 4021 Xlll.
665 3968 813 4036 Hieronem.
825 3968 853 4020 in
865 3968 940 4037 epist.
956 3966 1031 4020 Pauli
1042 3967 1075 4019 ed
1089 3965 1173 4021 Galat.
1184 3981 1242 4036 cap.
1254 3965 1299 4020 lll.
1310 3965 1357 4020 iol.
1373 3965 1430 4020 131.

266 4037 357 4092 lustin.
374 4038 480 4105 Martyr.
497 4037 523 4089 in
558 4043 639 4089 naest.
657 4035 691 4088 ad
706 4033 840 4089 orthodox.
859 4042 959 4104 quaest.
973 4035 1002 4088 V.
1014 4035 1059 4088 iol.
1071 4035 1128 4088 309.
1157 4033 1316 4088 Athanasius
1333 4033 1367 4086 ad
1379 4035 1432 4088 An·

267 4105 344 4160 tinch
357 4113 456 4177 quaest
469 4103 524 4158 CX.
533 4054 695 4158 -isnastasius
707 4105 819 4174 episcop.
832 4103 946 4157 Nicenus
965 4109 1064 4184 quaest.
1076 4101 1173 4156 XXIII.
1191 4103 1219 4156 in
1231 4119 1265 4154 se.
1279 4103 1432 4172 scripturas.

318 4175 401 4246 Signa
413 4181 439 4227 et
449 4173 569 4243 prodigia
580 4175 656 4225 etiam
669 4180 816 4252 peccatores
827 4171 925 4238 iacere]
951 4171 993 4225 tis
1004 4169 1053 4224 hoa
1063 4179 1168 4241 propter
1184 4187 1212 4224 re
1231 4171 1309 4224 rohos
1322 4171 1356 4224 ob
1368 4187 1432 4224 σοι·

268 4242 459 4296 damnationem
472 4257 561 4296 eoram
573 4242 617 4310 qni
628 4241 735 4304 iaciunt,
750 4241 791 4294 vel
807 4241 842 4293 ob
854 4241 992 4293 utilitatem
1004 4255 1102 4302 eornm,
1119 4239 1164 4309 qui
1175 4239 1201 4292 ri
1220 4245 1264 4292 ent
1276 4245 1302 4292 et
1312 4237 1431 4302 andiunt,

267 4319 297 4364 at
307 4312 368 4364 licet
378 4310 496 4364 homines
508 4309 652 4379 despiciant
663 4309 740 4378 signs
751 4309 882 4373 iacientes,
893 4315 981 4362 tamen
993 4305 1215 4371 immissorem,
1228 4306 1431 4362 marineium·

268 4379 397 4432 rationem
408 4386 482 4431 tanta
492 4377 558 4430 fiant
569 4378 701 4430 muscula
731 4375 802 4430 Beda
813 4377 841 4430 in
852 4377 917 4430 Acte
929 4375 1038 4448 apostol
1050 4391 1106 4447 cap.
1118 4374 1192 4432 XIX.
1205 4375 1250 4430 iol.
1262 4375 1320 4430 set.
1347 4373 1431 4430 Oeca-

268 4447 484 4500 mantuensem
496 4453 580 4516 apost.
590 4461 646 4514 cap.
658 4444 731 4500 XIX.
1262 4455 1268 4471 ·

320 4511 387 4568 Cum
396 4513 462 4568 ahoe
472 4511 521 4568 hac
532 4513 741 4584 praesumptione
751 4514 850 4578 iurent,
860 4513 912 4570 sibl
921 4529 967 4585 per
978 4513 1149 4570 maiacum
1158 4513 1265 4579 ament]
1283 4509 1319 4566 Ut
1330 4509 1430 4568 Suam
