3120 4994
276 271 337 338 283
713 273 997 318 macnoumaourm

276 429 322 494 sic
337 429 425 512 qussi
440 427 560 496 alienae
575 429 770 510 substantiae
787 433 822 496 in
842 431 987 498 omnibus
1007 451 1077 498 asso
1098 434 1262 500 ccubaria,
1295 403 1397 500 Nam
1419 451 1459 497 ex

275 532 315 596 iis
335 530 449 616 aliqui,
473 541 510 596 nt
527 532 675 598 Ireuaaus
695 533 905 619 apostolorum
923 535 1048 602 vicinus
1067 535 1177 616 refert,
1201 535 1310 602 dicunt
1334 543 1461 602 contra

277 633 440 700 duodecim
454 636 544 718 sigua
559 633 724 702 duodecim
738 635 931 722 patriarchas
946 657 1014 704 esea
1027 635 1206 723 dispositos,
1219 644 1252 704 et
1265 640 1311 703 sic
1327 643 1459 718 cetera,

276 756 354 821 quae
369 737 543 804 secundnm
557 740 715 823 sapientes
729 741 764 806 iu
777 738 895 804 mundo
909 745 964 804 aut
974 740 1088 825 simpla
1098 747 1153 806 aut
1162 739 1268 826 dupla,
1282 745 1390 806 terna
1400 747 1460 806 aut

258 845 439 924 canterus,
451 839 501 906 vel
517 843 622 925 quina,
643 861 720 906 sena
734 841 784 906 vel
799 847 931 927 septeno
952 841 1108 925 dicuntur,
1128 848 1238 908 contra
1258 851 1459 910 sanctornm

276 941 453 1008 ¹⁰numeros
468 943 590 1028 aequali
605 949 638 1008 et
650 943 743 1030 parili
758 943 960 1030 dispositione
976 965 1107 1029 pugnae.
1129 945 1228 1010 Pravo
1249 948 1351 1011 etiam
1368 948 1457 1012 scri-
1542 951 1544 994 ἲ

274 1050 382 1132 ptume
396 1045 609 1129 intelligentes
623 1045 705 1114 filios
715 1047 952 1132 promissionisl
966 1067 1030 1112 uon
1042 1067 1081 1115 ax
1095 1050 1179 1114 coitu
1189 1051 1259 1130 uiri,
1274 1047 1332 1114 eod
1346 1049 1457 1114 verbo

276 1146 432 1214 deluatoa
449 1149 624 1231 affirmant,
643 1156 754 1216 utnon
769 1151 967 1232 unigenitum
981 1169 1019 1214 cx
1035 1149 1092 1216 deo
1108 1149 1207 1216 filiun
1227 1150 1347 1216 dicant.
1381 1151 1456 1216 Au·
1543 1181 1544 1186 ¹

275 1250 356 1316 ferre
371 1253 534 1348 cupientes
549 1253 808 1337 omnipotentiam
823 1251 874 1318 dei
895 1253 1000 1318 omnia
1015 1250 1108 1318 deum
1122 1273 1186 1318 uon
1201 1273 1240 1320 ex
1254 1252 1370 1337 nihilo,
1392 1251 1456 1318 sed
1543 1279 1544 1294 ι

275 1374 315 1420 ex
339 1353 442 1438 aliquo
471 1352 582 1420 fecisse
610 1353 821 1438 contendunt,
847 1360 884 1418 ut
908 1353 985 1420 duas
1015 1354 1209 1422 substantias
1228 1355 1454 1422 introducant.

274 1455 361 1524 Haec
380 1477 419 1520 ex
438 1461 526 1542 parte
546 1478 602 1542 pro
625 1456 801 1541 cognitione
820 1457 961 1524 veritatis
980 1463 1054 1524 suut
1068 1457 1160 1524 dicte.
1198 1459 1320 1536 Quanta
1333 1464 1454 1524 autem

274 1558 326 1624 vel
342 1557 380 1624 de
396 1558 629 1642 evangeliomm
642 1561 898 1646 interpretatione
914 1561 1117 1644 ¹¹siguorum,
1131 1560 1183 1626 uel
1196 1560 1235 1626 de
1251 1562 1454 1630 Graecorum

275 1660 446 1747 gentilibus
460 1663 620 1747 mysteriis
634 1662 795 1730 literarum
809 1663 936 1732 cosdem
953 1663 1107 1730 offirmare
1123 1665 1341 1749 cognovimus,
1362 1683 1450 1732 anu-

273 1785 394 1832 merare
408 1764 592 1851 perlongum
610 1771 668 1832 aet.

146 1875 197 1928 ero
210 1877 258 1918 vu·
338 1868 542 1934 ¹Volentinus
564 1865 832 1938 ²consummatum
851 1868 929 1934 dicit
947 1888 1017 1936 esse
1035 1869 1177 1938 Aeonem
1192 1874 1225 1934 et
1242 1870 1449 1938 ³inuomina·

276 1978 341 2038 tam
355 1971 554 2038 altitudinem
567 1991 729 2056 magnam,
742 1992 822 2056 quas
836 1971 1039 2054 Profundum,
1054 1969 1162 2051 Βυθός,
1177 1975 1365 2040 nominatur.
1406 1973 1448 2038 In
1543 2055 1544 2058 Ἴ

276 2074 405 2142 silentio
421 2095 455 2140 se
469 2095 582 2158 magno
597 2074 781 2140 ⁴coutinens
797 2073 895 2159 (quod
910 2073 1069 2142 silentium
1084 2096 1121 2140 ea
1133 2077 1235 2160 gratia
1247 2075 1447 2161 appellatum
1545 2142 1546 2161 ,

274 2175 400 2268 lla-siv)
416 2176 476 2244 hoc
490 2177 694 2260 Profundum,
708 2178 781 2244 ⁵aut
794 2173 903 2258 Butae,
919 2179 1025 2244 emisit
1039 2177 1184 2261 Sensum,
1202 2178 1257 2262 qui
1271 2177 1445 2262 monoge-

274 2282 360 2346 uitus
376 2287 408 2345 et
422 2281 515 2346 Pater
530 2287 562 2346 at
574 2281 704 2346 Initium
719 2279 907 2366 appellatum
922 2277 990 2346 ⁷cui
1002 2281 1169 2348 coniuncta
1183 2286 1232 2346 est
1244 2281 1380 2346 Veritas.
1401 2279 1445 2346 Et
1544 2359 1545 2370 ἢ

274 2382 352 2448 haec
368 2388 417 2448 eet
431 2383 650 2470 quadriformis
670 2382 760 2448 radix
779 2385 874 2448 totius
893 2385 1052 2467 mysterii,
1073 2382 1122 2448 8id
1135 2389 1185 2448 est
1196 2382 1393 2450 Profundum
1409 2387 1445 2450 et

274 2485 443 2552 Silentium
457 2491 489 2550 et
503 2485 622 2552 Sensus
638 2491 670 2550 et
683 2483 817 2550 Veritas.
838 2485 1020 2570 intelligens
1035 2491 1140 2550 autem
1154 2485 1273 2555 Sensus
1287 2483 1348 2550 ⁹ed
1361 2484 1442 2570 quid

209 2653 212 2659 .
275 2596 359 2656 esset
374 2589 536 2672 ¹⁰missus,
559 2595 591 2653 et
605 2591 673 2673 ipsa
689 2587 713 2628 ¹¹
720 2589 826 2654 emisit
840 2585 977 2654 Verbum
992 2593 1024 2654 at
1039 2588 1153 2654 Vitam.
1195 2588 1243 2654 De
1257 2587 1361 2654 Verbo
1380 2607 1441 2654 au·

274 2699 338 2758 tem
353 2699 385 2758 et
399 2692 472 2758 Vita
486 2690 671 2758 1²emittitur
686 2692 860 2774 coniugatio
874 2691 975 2756 Homo
995 2697 1027 2754 et
1040 2690 1189 2758 Ecclesia
1224 2688 1265 2756 Et
1277 2689 1357 2756 haec
1370 2691 1439 2778 pri·

273 2796 431 2878 mogenita
445 2783 592 2884 Ὀγδοάς,
613 2793 703 2858 radix
716 2799 749 2858 et
762 2793 940 2860 substantia
953 2795 1182 2876 universitatis,
1197 2795 1342 2876 coniugia
1358 2813 1439 2879 qua-
1545 2771 1546 2795 ¹

273 2903 344 2968 tuor
358 2894 454 2972 Βυθὸς
468 2903 501 2961 et
514 2894 600 2986 Σιγὴ,
616 2895 735 2962 Sensus
749 2902 782 2960 et
796 2896 931 2978 Veritas,
945 2895 1084 2962 Verbum
1095 2901 1127 2962 et
1142 2896 1253 2978 tvm,
1266 2895 1368 2962 Homo
1383 2895 1440 2960 “et

272 2999 422 3068 Ecclesia.
458 2999 598 3064 Verbum
617 3005 722 3064 autern
743 3004 776 3064 et
794 2998 898 3064 cpi„
918 3000 952 3062 in
972 2997 1121 3064 honorem
1142 2998 1244 3066 Patris
1264 2999 1440 3066 omiserunt
1545 2989 1546 3011 ¹

274 3101 418 3180 unice,
431 3101 581 3186 Bythium
596 3106 629 3166 et
640 3101 761 3184 Minius,
773 3101 931 3185 Ageratou
946 3106 979 3168 et
995 3101 1157 3184 Honosim,
1169 3100 1216 3166 Ex
1230 3120 1264 3166 se
1278 3101 1437 3188 prodeun-

346 3347 385 3403 10.
397 3361 538 3401 numerosa
548 3345 616 3402 Men.
642 3345 692 3401 Uti
703 3348 831 3402 detineto
842 3347 907 3400 tneo
919 3355 957 3400 eat
966 3345 1093 3402 dicuntur.
1121 3347 1217 3400 Contra
1226 3351 1378 3401 cunctorum
1388 3363 1436 3401 nu·

272 3433 375 3472 morosa
385 3417 489 3486 aequali
500 3425 557 3468 cett.
622 3415 661 3472 ll.
681 3416 833 3470 Vocabulum
845 3417 982 3488 signorum
999 3426 1143 3486 corruptura
1156 3425 1227 3485 puto.
1258 3416 1436 3484 Reprendo·

266 3487 381 3552 sortasse
393 3495 429 3538 ear
439 3489 597 3538 sanctorum.

323 3587 385 3659 (lep.
397 3585 452 3642 VII.
464 3617 497 3627 -
520 3585 542 3640 1.
555 3585 593 3639 De
604 3548 800 3641 Valentinianis.
823 3587 976 3641 Valentinus
992 3587 1061 3642 Men.
1119 3585 1143 3639 2.
1161 3591 1369 3640 consummatam
1386 3589 1437 3639 alii
1545 3601 1546 3613 ¹

272 3655 296 3710 ³.
308 3657 499 3711 innominatum
510 3654 674 3710 altitudinem
685 3671 809 3726 magnam
822 3675 835 3707 e
853 3676 875 3711 o.
888 3657 916 3708 in
927 3657 1091 3709 innominata
1101 3655 1236 3708 altitudine
1248 3671 1376 3724 magnum
1389 3655 1436 3709 Co·

273 3728 342 3778 teter.
356 3725 430 3779 Eccl.
445 3726 539 3776 Graec.
552 3723 660 3776 Monam.
674 3733 730 3776 tom.
743 3725 771 3788 Ι,
783 3743 812 3794 p.
827 3675 884 3778 Vct.
902 3723 1066 3778 innominata
1080 3723 1283 3776 multitudinem
1339 3723 1436 3776 alfes.

272 3793 483 3846 &coutinentem
496 3792 601 3844 Coteler.
614 3793 658 3844 tl.
708 3792 855 3860 bautepa
868 3791 1012 3844 etGoteler.
1026 3793 1070 3848 tl.
1084 3791 1192 3844 utullea.
1243 3791 1266 3844 6.
1308 3809 1359 3844 ono
1396 3793 1436 3845 ui·

273 3867 315 3913 tus
329 3863 433 3914 Coteler.
447 3863 490 3913 tl.
503 3875 581 3913 mono
622 3860 652 3913 iti
663 3859 731 3913 Mea.
782 3859 1176 3931 7.eui00reur.1.1.quinen.
1229 3859 1254 3912 8.
1265 3859 1292 3912 id
1303 3867 1344 3912 est
1395 3863 1435 3913 rel.
1545 3902 1546 3920 ,

273 3931 317 3984 ut.
330 3929 478 3983 idamrlfea.
532 3929 556 3981 9.
614 3927 676 3998 quid
689 3927 903 3998 Coteler.aliquid
916 3929 1036 3983 Meoarol.
1095 3927 1133 3981 10.
1146 3927 1258 3980 enrissus
1272 3929 1435 3983 eorumne.

276 3997 313 4048 ll.
325 3997 414 4050 emisit
426 3997 531 4050 Coteler.
544 3999 559 4050 l.
571 3998 587 4049 1.
604 3996 676 4049 misit
686 3997 753 4050 Meu.
808 3997 846 4049 12.
859 3997 984 4049 amittitur
1000 3997 1148 4066 coniugatio
1167 3995 1271 4048 coteler.
1284 3997 1301 4048 1.
1310 3998 1328 4050 1.
1339 3997 1437 4050 emittit

272 4066 526 4188 tritula
580 4065 805 4186 ¹lrlt03't‘t·
819 4067 865 4184 ll
879 4065 964 4186 liet
973 4065 1041 4184 lf'
1101 4064 1140 4184 a
1154 4064 1312 4186 irll‘f‘
1327 4065 1436 4187 ⁶·⁰“'“t

271 4131 1434 4323 nnffpgnpleennexternisexternis,elamat.

271 4285 339 4324 roua
362 4289 453 4340 γνεσιν
494 4290 532 4325 en.

305 4491 416 4546 atilios
428 4492 620 4564 promissionis]
638 4491 713 4548 Rom.
724 4491 772 4558 m,
783 4493 808 4548 8.
878 4495 950 4548 dicit.
980 4491 1032 4548 Sed
1043 4493 1158 4563 placeret
1173 4491 1297 4546 facillima
1308 4492 1431 4548 conectis

305 4560 367 4629 Gap.
379 4559 434 4614 Vll.
451 4591 485 4602 -
505 4577 530 4614 a.
543 4559 628 4630 Σιγὴν]
646 4561 825 4631 subintelloge
876 4559 944 4630 Σιγὴ.
