3112 4986
605 1143 1109 1276 aueusmur'

667 1391 887 1446 HIPPONENSIS
902 1391 1051 1446 nrrscorl

839 1513 883 1566 DE

352 1647 649 1727 HAERESIBUS
671 1651 749 1725 'AD
778 1646 1184 1746 QUODVULTDEUM
1210 1647 1363 1723 LIBER.

641 1841 672 1916 1²
689 1843 724 1916 R
739 1843 776 1916 Δ
791 1843 823 1916 E
839 1843 869 1916 F
887 1843 923 1916 A
940 1843 1064 1917 r10.

277 2171 404 2316 Quod
419 2236 501 2320 petis
517 2236 698 2318 saepissime
713 2241 805 2319 atque
820 2237 1064 2316 instantissime,
1079 2237 1186 2297 sancte
1202 2231 1248 2296 fili
1263 2230 1434 2309 Quodvult·
1513 2217 1515 2222 ¹

277 2337 364 2420 deus,
379 2343 414 2401 ut
429 2337 467 2400 de
482 2337 663 2401 haeresibus
679 2337 796 2421 aliquid
808 2337 944 2402 scribam
956 2337 1085 2420 dignum
1096 2335 1229 2400 lectione
1242 2337 1436 2420 cupientium
1549 2393 1550 2400 ,

276 2440 419 2524 dogmata
434 2440 570 2504 devitare
586 2443 741 2504 contraria
760 2439 834 2504 fidei
849 2440 1042 2504 Christianae
1064 2445 1095 2504 et
1110 2438 1279 2502 Christiani
1298 2440 1435 2502 nominis
1549 2499 1550 2520 ,

276 2545 511 2609 obumbratione
534 2543 687 2625 fallentia,
709 2545 790 2607 scias
809 2563 859 2606 me
882 2543 957 2608 olim
978 2543 1068 2626 longe
1091 2548 1163 2606 ante
1191 2561 1285 2626 quam
1311 2545 1433 2626 peteres

275 2648 376 2712 facere
393 2649 553 2729 cogitasse,
568 2652 661 2730 atque
676 2646 773 2710 fuisse
788 2647 959 2728 factumm,
974 2648 1035 2708 nisi
1050 2644 1216 2728 diiigenter
1231 2643 1434 2708 considerans

275 2750 364 2834 quale
380 2755 591 2833 quantumque
607 2749 639 2812 id
655 2755 754 2830 esset,
772 2748 856 2812 ultra
874 2751 956 2812 vires
976 2769 1062 2812 meas
1082 2768 1152 2811 esse
1175 2750 1333 2812 sentirem.
1370 2745 1435 2810 Sed

164 2835 177 2846 ”
274 2854 421 2934 quoniam
436 2853 534 2916 fateor
548 2851 670 2916 nullum
684 2852 761 2916 mihi
775 2859 810 2915 ut
824 2858 855 2915 te
871 2853 1024 2916 institisse
1039 2849 1214 2936 poscendo,
1234 2852 1267 2913 in
1282 2852 1352 2934 ipsa
1366 2855 1433 2913 tam

273 2956 405 3018 molesta
418 2956 569 3018 instantia
582 2959 636 3017 tna
650 2956 746 3018 etiam
759 2960 848 3018 tuum
859 2975 973 3018 nomen
985 2953 1115 3035 attendi,
1131 2958 1162 3016 et
1173 2951 1249 3034 dixi,
1263 2951 1435 3034 Aggrediar

274 3064 305 3120 et
324 3058 437 3120 faciam
452 3056 721 3134 Quodvultdeus.
750 3057 815 3120 Hoc
832 3059 915 3120 enim
930 3056 1024 3121 deum
1038 3055 1117 3120 vello
1133 3053 1270 3137 confido,
1285 3057 1312 3119 si
1326 3075 1377 3120 mo
1393 3054 1433 3119 ad

273 3159 364 3222 huius
381 3161 483 3244 operis
498 3160 666 3222 torminum
680 3159 872 3223 misericordi
885 3159 988 3222 favore
1004 3157 1197 3243 perduxerit,
1218 3164 1254 3222 ut
1267 3155 1324 3242 per
1337 3160 1431 3222 mini-

273 3262 402 3326 sterium
417 3261 539 3343 linguae
554 3282 641 3324 meae
657 3266 746 3324 tanta
759 3261 850 3326 huius
865 3264 910 3324 rei
922 3261 1090 3326 difficultas
1102 3267 1156 3324 aut
1168 3259 1350 3324 ostendatur
1360 3266 1431 3324 tan-

273 3363 442 3446 tummodo,
457 3370 511 3428 aut
526 3366 593 3448 ipso
610 3366 704 3428 etiam
720 3363 843 3450 plenius
859 3364 1025 3428 adiuvante
1040 3363 1177 3428 tollatur.
1201 3364 1339 3440 Quorum
1354 3362 1431 3429 duo·

273 3487 341 3531 rum
363 3466 445 3551 quod
467 3469 568 3550 priore
591 3465 658 3531 ioco
681 3469 771 3552 posui
792 3468 855 3530 iam
877 3466 931 3531 diu
953 3472 1001 3532 cst
1021 3473 1057 3531 ut
1076 3469 1179 3530 animo
1207 3465 1297 3530 volvo
1319 3487 1356 3529 ac
1381 3487 1430 3530 re·

270 3569 361 3653 volvo
377 3576 408 3632 et
428 3569 562 3652 quadam
581 3569 783 3634 meditatione
804 3575 961 3634 contueor.
999 3569 1087 3646 Quod
1106 3573 1211 3632 autom
1230 3575 1341 3653 postea
1355 3567 1431 3648 dixi,

271 3693 403 3737 nonme
424 3674 582 3756 accepisse
603 3671 766 3736 confiteor:
787 3677 819 3734 et
839 3676 945 3736 utrum
965 3671 1039 3736 dum
1058 3671 1117 3735 hoo
1137 3691 1210 3752 ago,
1230 3679 1266 3734 nt
1285 3671 1431 3752 efficiam,

272 3775 346 3838 dum
360 3780 442 3858 peto,
458 3774 534 3839 dum
548 3795 673 3858 quaero,
689 3774 763 3838 dum
777 3773 878 3860 pulso,
894 3776 954 3837 sim
968 3774 1098 3838 forsitan
1110 3779 1294 3857 accepturus
1306 3776 1429 3855 ignor03

271 3880 334 3942 seio
350 3898 400 3941 me
415 3883 520 3940 tamen
532 3897 589 3939 nec
601 3878 772 3960 petiturum
783 3897 840 3940 nec
853 3878 1066 3960 quaesiturum
1077 3897 1113 3940 ac
1125 3875 1429 3960 pulsaturumquan-

270 3986 337 4042 tum
352 3985 473 4062 satsat,
488 3981 549 4044 nisi
565 3985 596 4041 et
609 3978 692 4042 huno
708 3979 854 4042 adiectum
868 3999 995 4042 munere
1011 3978 1134 4043 divinae
1150 3980 1364 4062 inspirationis
1376 3999 1429 4044 ac·

271 4101 391 4166 cepero.
413 4081 450 4144 In
465 4081 523 4146 hoc
540 4083 633 4164 igitur
648 4101 751 4166 opere,
767 4080 849 4165 quod
863 4087 893 4144 te
909 4081 1111 4145 vehementer
1125 4086 1254 4164 urgente
1267 4083 1299 4144 in
1311 4081 1362 4144 dei
1372 4101 1428 4146 vo-

270 4183 389 4246 luntate
404 4187 544 4268 suscepi,
559 4187 661 4248 cernis
677 4204 727 4248 me
743 4189 778 4246 ut
792 4183 824 4246 id
838 4203 985 4268 peragam
1000 4203 1062 4248 non
1076 4191 1142 4247 tam
1157 4183 1428 4248 crebrescentibus

269 4285 308 4348 ad
323 4307 373 4348 me
388 4287 449 4348 tuis
464 4286 667 4370 petitionibus
683 4307 752 4350 esso
768 4285 941 4368 cogendum
956 4306 1048 4369 quam
1062 4289 1123 4372 piis
1138 4285 1178 4350 ad
1193 4284 1287 4350 deum
1300 4307 1365 4351 uon
1377 4307 1428 4352 so·

270 4385 333 4450 lum
348 4389 422 4468 tuis,
437 4407 546 4452 verum
561 4395 593 4452 et
608 4387 738 4453 aliorum
754 4389 902 4472 fratrum,
923 4409 999 4472 quos
1021 4389 1078 4454 tibi
1094 4391 1127 4453 in
1141 4388 1222 4453 hanc
1238 4409 1304 4452 rem
1319 4387 1428 4454 fideles

270 4491 370 4552 socios
384 4492 521 4572 potueris
531 4493 683 4572 invenire,
697 4491 889 4558 orationibus
901 4491 1121 4558 adiuvandum.
1145 4489 1234 4570 Quod
1245 4498 1280 4556 ut
1291 4492 1356 4574 fiet,
1370 4491 1428 4558 has
