3122 4990
578 311 618 354 nn
631 309 914 356 maneamne,
1055 281 1109 354 .’
1234 313 1325 380 ,93

159 468 289 552 iactum,
303 487 368 534 non
382 470 532 551 animam,
546 473 581 534 et
593 469 677 554 qnod
690 471 793 554 imago
809 469 859 536 dci
875 489 987 555 corpus
1003 469 1055 551 ait,
1069 489 1133 536 non
1147 470 1255 534 anima
1265 469 1325 534 lro-

159 574 273 654 minis,
295 577 328 636 et
346 572 429 656 quod
450 572 625 638 secundum
642 573 980 658 praedestinationeme
995 571 1164 654 ²dixeritd,
1182 574 1227 636 ita
1240 571 1325 636 arbi·
1408 555 1417 566 ⁴

158 681 270 757 tratur,
285 695 358 740 cum
373 675 475 741 dioat⁰
490 675 673 761 scriptura‘,
688 675 823 761 Etsocit
837 677 913 741 deca
924 675 1086 756 homobono,
1102 676 1147 740 od
1158 676 1327 762 inceptam

157 800 250 844 mecm
260 779 345 864 fecit
363 802 447 861 eom,
465 781 641 844 mareolam
659 789 688 844 et
698 779 857 864 feminam
868 779 952 864 fecit
971 799 1036 856 eoa3
1055 778 1237 862 ³ignorane,
1253 799 1325 863 pro-

157 881 257 966 pheta
271 881 347 966 quid
363 881 486 947 dixerit.
510 881 589 946 Cum
604 881 682 946 dicit
697 883 782 946 enim
796 880 984 964 Faciamua,
999 882 1158 967 promittit
1169 881 1327 946 iacturum

158 1005 203 1067 sc,
219 1003 354 1070 cumque
376 985 454 1050 dicit
467 983 558 1050 Fecit
577 985 668 1066 deca,
689 985 754 1050 iam
768 1003 847 1070 opus
867 983 987 1050 iactum
1001 983 1210 1065 demonstrat,
1231 989 1264 1048 et
1278 984 1325 1048 la·

159 1093 244 1152 ctam
258 1109 323 1154 non
339 1107 483 1169 carnem,
498 1086 555 1152 ead
570 1088 723 1169 animam,
739 1107 819 1170 quae
833 1085 1047 1152 ⁴rationabilia
1061 1093 1126 1169 est,
1146 1085 1324 1152 declaravit.

157 1189 240 1256 Nam
255 1191 340 1274 quod
355 1213 426 1256 caro
443 1192 511 1256 sino
526 1192 632 1256 anima
646 1211 710 1255 non
725 1191 826 1275 poeait
840 1188 944 1274 eloqui
954 1211 1019 1256 non
1030 1196 1080 1254 cet
1090 1189 1238 1268 dubium;
1252 1209 1325 1272 ergo

160 1315 231 1358 caro
247 1314 399 1376 organum
414 1295 537 1358 animae
552 1299 602 1358 ost
615 1291 837 1358 ‘rationabilia
860 1291 1035 1358 Maeonium
1046 1299 1079 1357 et
1088 1293 1239 1358 feminam
1253 1311 1327 1358 cum

160 1395 236 1462 dicit
251 1399 422 1482 scriptura,
437 1417 501 1462 non
514 1394 567 1460 hic
583 1415 749 1482 corporum
764 1405 909 1478 aarum,
925 1395 982 1462 sed
996 1397 1120 1460 animae
1136 1395 1325 1462 dominantis

163 1506 195 1564 et
209 1499 404 1566 subiacentis
419 1497 559 1564 declarat
573 1499 735 1564 indicium.
772 1499 812 1564 Ει
832 1497 916 1583 qnod
936 1519 1000 1564 non
1020 1519 1151 1584 corpora
1168 1501 1233 1564 eint
1252 1503 1325 1562 ante

160 1600 242 1666 iacta
255 1601 435 1685 iacentiaffl,
450 1603 533 1667 sicut
548 1601 677 1685 quidam
691 1603 861 1666 aestimant
874 1601 1102 1686 imprudentes,
1116 1623 1180 1668 non
1194 1607 1244 1666 eet
1257 1621 1325 1666 am·

158 1703 306 1788 biguum',
321 1725 393 1770 cnm
409 1727 480 1770 caro
495 1703 583 1770 Adae
598 1727 635 1770 ac
650 1703 791 1770 mulieris
805 1709 916 1791 postea
929 1704 1013 1770 facta
1026 1707 1083 1784 eit3
1103 1725 1178 1770 nam
1192 1706 1325 1790 septimo

160 1807 209 1873 dic
231 1808 311 1872 dicit
332 1810 488 1894 scriptura
510 1807 548 1873 dc
570 1807 674 1873 Adam
696 1810 754 1872 ita:
780 1807 826 1872 Et
847 1809 970 1894 accepit
991 1809 1134 1872 dominos
1156 1817 1275 1872 terram
1288 1808 1326 1872 dc

119 1895 125 1906 ¹
160 1911 284 1993 lainaet
289 1911 463 1997 plaamcoa't
474 1910 626 1976 bmaiaom
638 1911 826 1997 quemfecit.
849 1911 1029 1994 Videsergo
1042 1909 1326 1995 quomodofactum

159 2013 331 2096 hominem,
345 2013 378 2078 id
394 2019 443 2078 est
457 2015 594 2078 animam
609 2019 681 2078 ante
694 2013 833 2079 ostendit
843 2011 1061 2079 rationabilem
1073 2019 1105 2076 et
1115 2011 1326 2080 immortalem

160 2136 228 2182 ecee
244 2123 382 2182 creatam
396 2138 416 2180 a
430 2115 567 2200 dominc,
583 2137 661 2202 qnae
676 2118 784 2202 utique
799 2118 900 2201 imago
917 2117 967 2180 dei
983 2123 1032 2181 est
1045 2115 1210 2202 appellata.
1245 2115 1323 2180 Ter-

159 2241 227 2285 ram
242 2226 349 2284 autem
364 2219 402 2284 de
417 2218 492 2285 limo
508 2225 671 2306 acceptam
685 2219 865 2286 adiunctam
880 2221 1014 2302 animae,
1028 2219 1062 2284 id
1077 2225 1125 2285 est
1139 2220 1325 2284 exteriorem

158 2321 331 2406 hominem,
347 2343 459 2408 corpus
474 2322 583 2406 fragile
598 2321 649 2388 die
664 2325 809 2408 sequenti
824 2323 1038 2388 manifestavit
1050 2322 1256 2408 plasmatum,
1270 2322 1332 2410 ὅιιι7

159 2428 204 2492 aio
219 2427 362 2492 immisso
378 2445 488 2512 eopore
503 2427 537 2490 in
556 2426 659 2492 Adam
672 2433 843 2512 posteaque
860 2426 898 2490 dc
910 2432 997 2492 costa
1016 2427 1083 2491 eiua
1095 2427 1254 2512 accepisse
1267 2425 1323 2492 do·

159 2533 282 2596 minum
302 2536 335 2593 ct
354 2530 468 2594 iecisse
482 2527 648 2594 mulierem
663 2531 820 2614 scriptura
833 2534 969 2594 testatur
983 2549 1019 2594 ac
1034 2528 1203 2614 praedicat
1237 2529 1277 2593 Et
1291 2534 1326 2593 nt

158 2635 298 2720 primum
313 2635 355 2698 sit
369 2633 475 2697 anima
488 2631 583 2716 iacta,
597 2633 631 2697 id
646 2639 695 2697 cet
709 2638 797 2698 sexto
819 2631 885 2713 die,
906 2629 955 2696 dic
979 2637 1086 2698 autem
1105 2633 1239 2717 septimo
1255 2653 1324 2697 cor·
1378 2681 1382 2692 ,

158 2736 238 2822 puel
253 2735 292 2800 de
307 2741 392 2802 terra
405 2735 595 2822 plasmatum
610 2735 713 2818 Adae,
734 2736 779 2800 sic
796 2734 834 2800 de
850 2735 909 2800 viri
925 2753 1069 2820 corpore,
1089 2733 1139 2800 'id
1160 2740 1209 2800 eet
1223 2734 1262 2799 de
1277 2734 1323 2800 la·
1345 2788 1349 2800 .

226 2957 251 3011 a.
272 2955 693 3012 marcomannicam
706 2957 740 3009 A.
792 2955 980 3026 argema,
993 2955 1027 3008 A.
1078 2955 1103 3010 4.
1115 2925 1277 3010 anensem
1290 2958 1323 3012 r.

158 3025 529 3166 lginflii·'5‘ii{{i'0m‚⁵24f⁰i
539 3025 702 3080 rationabilia
720 3025 754 3080 A.
765 3025 899 3078 rationalis
911 3026 1010 3094 reliqui.
1062 3023 1086 3077 6.
1103 3039 1135 3078 ac
1146 3026 1184 3080 rio
1195 3026 1229 3081 A.
1242 3038 1272 3080 aa
1284 3043 1324 3080 re·

158 3283 218 3338 den.
237 3281 307 3337 Bibl.
324 3282 437 3338 Sanctae
453 3282 717 3349 motionem..
767 3282 819 3336 eibi
837 3280 887 3336 hac
905 3282 934 3334 in
953 3287 1026 3352 parta
1050 3283 1221 3338 aecedentes
1240 3283 1325 3338 Phila·

158 3353 203 3406 nbi
216 3352 375 3406 warentiam
397 3351 517 3421 Gregorii
538 3351 652 3422 Npaaoni
668 3367 717 3406 ceu
767 3349 971 3404 abiuahababit
1006 3350 1062 3416 (F.)

157 3419 320 3474 Platonicam
338 3421 495 3490 figmentum
514 3421 652 3490 suggillat,
675 3425 718 3472 aet
801 3418 826 3472 h.
843 3417 878 3472 Et
888 3418 958 3488 qnod
969 3435 1023 3472 non
1034 3435 1078 3472 cor
1096 3437 1143 3474 cra
1153 3421 1207 3474 sint
1217 3423 1324 3476 arrtoia¹

158 3503 216 3542 eam
229 3493 305 3542 extre
314 3489 508 3542 Platonicorum
524 3505 623 3542 errores
638 3488 716 3542 collo·
767 3493 810 3540 cta
821 3487 943 3554 iacentia]
968 3485 1062 3558 Aperte
1077 3437 1174 3542 laisum
1185 3491 1323 3560 essequod

158 3558 267 3610 undam
279 3573 337 3610 ease
349 3557 451 3610 monuit
462 3556 606 3610 (loteleriua
622 3557 655 3610 ad
667 3557 716 3610 lte-
767 3555 884 3608 hocloco
896 3553 1049 3608 Philaetrina
1057 3559 1197 3626 pertendit,
1213 3575 1266 3611 non
1278 3559 1323 3612 du·

158 3641 234 3695 oogn.
246 3625 387 3678 Clementia
398 3641 460 3695 pag.
471 3625 530 3678 493.
559 3625 700 3694 (Galeardl
767 3623 975 3676 bitataitirmare
987 3623 1115 3689 Patavina,
1145 3642 1205 3678 nem
1216 3627 1275 3678 ride
1286 3628 1323 3680 ala

178 3693 717 3765 aeeonndumpraadaatinationem]Qnari
766 3693 833 3746 libro
850 3692 875 3745 2.
887 3691 1047 3762 Dogmatum
1064 3643 1153 3748 Theol
1169 3693 1201 3746 da
1213 3693 1323 3764 Opificio

156 3761 244 3816 licaeo
261 3767 363 3816 tantum
375 3761 514 3816 consilinm
530 3762 572 3816 dei
589 3777 716 3833 exporua-
766 3777 814 3814 aex
826 3760 927 3814 diermn
938 3761 1030 3831 oapi.
1044 3763 1066 3828 ξ.
1082 3761 1121 3814 16.
1156 3761 1212 3828 (F.)

157 3831 202 3896 rit,
219 3835 298 3900 atque
314 3833 394 3885 verba
410 3833 590 3899 “scardona
608 3847 661 3884 non
673 3831 716 3884 de·
806 3829 823 3882 i.
840 3829 963 3896 iacentia]
989 3829 1052 3882 Sina
1072 3829 1166 3899 spiritu
1188 3837 1215 3884 et
1236 3833 1324 3888 anima

156 3897 713 4033 liciliiitailiitmllltloedqfflfmpm
762 3897 930 4020 rcpnppim
940 3971 1016 4019 sexto
1027 3965 1069 4018 die
1094 3981 1122 4019 ao
1140 3966 1205 4020 timo
1217 3971 1324 4040 corpaa]

190 4035 215 4089 d.
238 4035 381 4090 secandum
416 4035 660 4090 taedeatinationam
676 4035 714 4090 di·
764 3983 1162 4104 ltemmitercmquehocbapite
1170 4034 1322 4092 Pbilaatriua

156 4105 235 4172 xerit]
257 4103 328 4160 Deua
339 4103 415 4156 ride‘
433 4110 466 4157 et.
764 4103 861 4172 ingerit
882 4103 1029 4184 opinionem
1050 4117 1126 4156 anam
1146 4104 1322 4160 incredibilem

189 4189 213 4228 e.
230 4189 292 4226 cum
303 4171 382 4242 dicat]
398 4173 490 4228 Malim
500 4173 588 4244 legere
604 4191 659 4225 com
676 4173 714 4225 ιιι·-
766 4179 792 4224 et
802 4177 958 4224 contrariam
969 4173 1102 4224 communi
1113 4175 1264 4239 sententiae,
1275 4191 1324 4230 nec

158 4245 199 4296 cit.
217 4239 286 4304 Quia
296 4243 542 4322 tamantetalternm
550 4241 715 4364 ipri'riipoleet,
765 4239 855 4322 minua
864 4239 1000 4320 adrerpam
1013 4241 1226 4324 sacrinecripto'rie
1236 4243 1323 4326 verbi?

156 4309 580 4446 ‘mttttttll‘t‘ta
638 4309 715 4364 '⁰¹⁰¹'
767 4307 1323 4457 tintatttltttplttttttttt

197 4447 216 4500 f.
234 4461 295 4500 oum
306 4445 376 4500 dicat
387 4447 526 4518 scriptura]
551 4447 617 4501 Cum
628 4452 715 4502 tamen
767 4443 809 4498 dre
823 4449 911 4512 sexta,
929 4447 1040 4518 septima
1054 4453 1141 4500 autem
1157 4447 1189 4500 ab
1202 4449 1322 4502 omnibus

157 4513 370 4588 dicateeriptnra
767 4530 783 4567 c
802 4513 889 4568 eribne
905 4517 960 4570 auia
976 4515 1105 4588 quievisse
1121 4516 1212 4570 scribit
1228 4517 1322 4573 Genea.

191 4601 217 4656 g.
233 4601 288 4641 non
298 4583 342 4641 hic
352 4587 605 4656 corporcmaaxnm]
615 4583 715 4642 Pareo·
765 4531 801 4642 if
810 4583 835 4640 2.
851 4585 1020 4656 Atqaoniam
1028 4584 1324 4660 donantnouant
