3112 4986
347 1205 1082 1312 PRAEDESTINA‘TI

526 1395 592 1469 nu
610 1393 907 1470 Huncnsuaus

680 1563 744 1602 SIVE

203 1663 321 1718 OPERIS
335 1665 400 1718 SUB
411 1665 679 1718 Psauuusurusrr
691 1664 821 1720 nemun
833 1667 856 1718 A
868 1666 929 1720 luc.
942 1667 1116 1721 susuoubo
1128 1667 1219 1720 uetur

592 1749 694 1804 Llssuu
704 1749 838 1805 PRIMUS.
999 1749 1015 1778 ‘·

498 1909 919 1985 PRAEFATIO.

639 2115 788 2126 5—-

136 2243 456 2386 Quotienscumque
472 2301 512 2366 ad
525 2307 568 2384 te,
584 2323 601 2368 o
617 2305 736 2368 amator
750 2301 810 2382 dci,
824 2302 921 2368 verba
937 2303 1098 2368 doctorum
1112 2303 1289 2386 adtingunt,

135 2405 217 2470 illico
233 2410 309 2470 sunt
323 2404 441 2472 domini
455 2411 622 2490 praccepta
640 2404 856 2486 memoranda,
876 2405 988 2488 quibus
1008 2405 1115 2470 iubere
1135 2405 1289 2488 dignatur,

135 2515 170 2572 ut
183 2507 389 2572 adtendamus
404 2507 443 2572 ab
458 2507 508 2571 his
523 2510 576 2591 qui
590 2509 721 2574 veniunt
735 2507 774 2572 ad
789 2528 846 2572 nos
861 2510 894 2572 in
908 2511 1025 2572 vestitu
1040 2511 1159 2589 ovium,
1174 2528 1214 2572 ne
1229 2507 1288 2572 sub

134 2611 343 2708 hcc‘tegmine
359 2609 502 2694 luporum
516 2610 619 2675 rabies
640 2609 793 2674 occultata
812 2609 925 2674 ovilem
946 2611 1179 2696 simplicitatem
1198 2613 1287 2674 inua-

135 2713 196 2778 dat.
234 2712 363 2778 Utinam
382 2712 459 2776 mihi
482 2711 585 2776 verbis
599 2715 661 2778 ista
675 2711 791 2776 dixisse
807 2713 979 2794 sufficeret,
999 2719 1031 2776 et
1045 2733 1123 2794 non,
1143 2713 1226 2795 quod
1241 2718 1289 2776 ost

135 2836 205 2878 eum
221 2817 354 2900 suspirio
368 2815 615 2896 memorandum,
629 2815 829 2880 manifestum
844 2817 886 2880 sit
896 2817 1059 2906 miscuisse
1072 2814 1192 2881 belluas
1203 2817 1287 2898 gregi

135 2917 305 2982 dominico:
330 2920 383 3002 qui
404 2924 493 2982 tanta
514 2917 686 2982 subtilitate
710 2916 904 2982 clandestino
927 2918 1012 2982 hiatu
1036 2939 1104 2982 sese
1127 2917 1287 2984 catholicis

133 3023 363 3102 immerserunt,
380 3026 414 3084 ut
423 3023 484 3106 ipsi
496 3021 596 3102 magis
607 3022 690 3084 cives
703 3027 881 3087 sanctorum
892 3027 923 3086 et
934 3019 1096 3086 domestici
1108 3019 1182 3086 fidei
1193 3023 1286 3086 assti-

133 3128 274 3204 mentur,
294 3125 347 3206 qni
362 3125 481 3188 inimici
496 3122 645 3188 acclesiae
667 3127 699 3186 et
711 3122 817 3188 hostes
833 3123 1023 3188 dolosissimi
1038 3123 1286 3208 comprobantur.

133 3227 280 3292 Dicentes
295 3228 359 3290 iam
372 3225 514 3290 homines
528 3228 573 3290 ita
587 3223 833 3309 praedestinatos
853 3224 892 3290 ad
912 3232 1043 3292 mortem
1062 3247 1117 3312 per
1132 3226 1183 3292 dei
1196 3248 1286 3312 prae·

134 3329 308 3410 scientiam,
322 3335 358 3392 ut
371 3327 434 3394 illis
449 3349 506 3394 nec
522 3331 626 3414 passio
638 3328 752 3392 Christi
767 3348 825 3392 nec
837 3327 1034 3412 baptismatis
1046 3329 1217 3415 redemptio
1229 3351 1286 3394 nec

134 3432 210 3498 fides
231 3453 291 3498 nec
312 3452 384 3517 spos
404 3434 503 3517 possit
522 3451 580 3496 nec
600 3433 713 3498 caritas
734 3431 907 3496 subvenire.
945 3430 1042 3496 Orent
1060 3437 1092 3496 et
1111 3434 1286 3506 ieiuniisac

135 3535 340 3618 eleemosynis
356 3540 556 3620 occupentur,
572 3533 667 3615 nulla,
681 3535 841 3617 inquiunt,
856 3540 1004 3618 poterunt
1017 3537 1135 3600 ratione
1150 3535 1286 3616 libcrari,

134 3641 284 3722 quianon
299 3643 373 3702 sunt
387 3636 610 3723 praedestinati
625 3636 664 3702 ad
680 3637 785 3700 vitam.
821 3635 956 3701 Econtra
973 3635 1006 3702 hi
1022 3655 1098 3722 quos
1113 3637 1285 3722 praedesti·

134 3743 219 3806 natio
232 3741 375 3826 praescia
390 3741 563 3804 futurorum
577 3739 754 3826 dispunxit,
767 3738 939 3822 negligant,
960 3745 1175 3822 contemnant,
1189 3747 1221 3804 et
1237 3743 1284 3804 iu·

133 3845 252 3908 stitiam
266 3841 395 3924 fugiant.
433 3841 484 3906 Sic
503 3843 556 3906 isti
571 3843 665 3906 etiam
684 3840 825 3906 nolentes
839 3841 1006 3908 trahuntur
1020 3840 1059 3906 ad
1073 3845 1186 3924 uitam,
1205 3845 1287 3908 siout

133 3944 178 4008 illi
193 3943 334 4010 volentes
354 3944 395 4027 ad
414 3946 512 4008 uitam
525 3945 698 4029 pertingere
713 3943 909 4028 expelluntur
922 3947 957 4008 iu
970 3950 1113 4010 mortem.
1149 3944 1202 4010 Sic
1216 3948 1285 4012 istic

133 4045 390 4132 conpetentibus
407 4045 508 4128 datur,
523 4049 604 4112 sicut
616 4046 678 4112 illis
693 4045 870 4131 potantibus
886 4046 1064 4130 denegatur.
1094 4046 1134 4112 Et
1146 4049 1201 4112 isti
1215 4050 1284 4132 qui·

134 4149 205 4216 dem
220 4169 285 4214 non
299 4155 483 4232 quaerentes
498 4151 676 4230 inveniant,
689 4148 735 4212 illi
750 4155 854 4212 autom
869 4155 1052 4233 quaerentes
1067 4151 1207 4214 inveniro
1221 4170 1285 4216 non

133 4257 273 4338 possunt.
301 4251 374 4316 Istis
390 4254 516 4336 pietatis
529 4253 623 4316 ianua
636 4271 700 4316 non
713 4251 910 4336 pulsantibus
925 4257 1089 4333 reseratur,
1103 4251 1166 4316 illis
1180 4259 1285 4318 autem

135 4353 221 4420 nulla
228 4355 480 4440 rationepoterit,
495 4357 590 4420 etiam
603 4353 811 4440 pulsantibus,
826 4356 920 4419 otiam
931 4354 1149 4438 clamantibus,
1160 4358 1282 4442 aperiri

134 4457 209 4534 Quis
223 4457 306 4522 hanc
326 4457 420 4524 fldem
437 4457 556 4522 babens
577 4456 773 4522 sacerdotum
792 4455 1061 4524 benedictionibus
1080 4464 1174 4545 caput
1191 4458 1282 4524 incli-

133 4581 207 4627 nare
222 4557 391 4641 desideret,
411 4565 570 4626 eteorum
591 4559 650 4626 sibi
669 4559 814 4646 precibus
835 4565 867 4624 et
887 4560 1046 4626 sacrificiis
1068 4561 1174 4628 eredat
1191 4583 1282 4648 possa
