3120 4994
284 173 346 238 248
755 171 981 216 emansormrr

285 331 430 396 universo
440 327 569 412 mundo,
580 329 632 394 dei
642 329 850 396 substantiam
860 329 1028 416 perhibent
1039 350 1109 396 esse
1120 331 1335 413 commixtam
1350 351 1443 416 quem

286 432 411 516 purgari
425 437 537 515 putant
551 435 585 498 in
600 431 708 497 electis
724 435 789 498 suis
805 453 841 500 eo
856 454 970 516 genere
985 436 1067 498 vitae
1079 452 1140 518 quo
1151 433 1262 500 vivunt
1273 433 1367 500 electi
1377 435 1442 500 Ma·

285 520 502 617 nicbsecrum,
521 535 608 599 velut
627 539 768 602 sanctius
784 543 816 602 et
830 537 1034 602 excellentius
1050 537 1243 603 auditoribus
1258 538 1335 602 suis.
1364 538 1443 602 Nam

285 639 334 704 his
350 639 470 704 duabus
485 639 744 722 professionibus,
758 640 818 706 hoc
833 646 882 704 est
896 641 1067 706 electorum
1086 645 1120 704 et
1132 641 1320 723 auditorum,
1341 640 1442 706 eccle·

285 743 365 806 siam
379 761 468 805 suam
483 747 626 806 constare
641 741 815 808 voluerunt.
844 744 882 810 In
898 746 1010 808 ceteris
1025 749 1130 808 autem
1144 744 1445 826 hominibus,stia1n

284 846 317 909 in
332 845 409 926 ipsis
424 842 619 909 auditoribus
635 847 716 928 suis,
735 844 817 911 hano
831 853 954 930 partem
973 847 1074 914 bonae
1089 847 1276 933 divinaeque
1296 847 1444 914 substan·

285 949 363 1028 tiae,
383 945 481 1030 ²quae
496 949 596 1012 mixte
610 953 642 1011 et
657 947 801 1030 colligata
815 949 848 1014 in
863 951 944 1014 escis
961 956 993 1014 ct
1006 949 1131 1032 potibus
1152 949 1324 1032 detinetur,
1344 951 1444 1018 maxi-

283 1061 397 1133 meque
416 1052 450 1114 in
471 1051 516 1114 eis
537 1051 589 1134 qui
604 1057 757 1133 generant
775 1051 871 1134 filios,
892 1055 1009 1117 arctius
1030 1058 1062 1117 et
1081 1055 1273 1137 inquinatius
1294 1053 1445 1136 conligati

285 1157 406 1238 putent.
444 1152 599 1236 Quicquid
618 1173 692 1218 vero
712 1154 851 1238 undique
871 1161 1020 1238 purgetur
1045 1155 1188 1238 luminis,
1212 1175 1269 1238 per
1294 1156 1445 1240 quasdam

285 1275 399 1338 naves,
421 1275 498 1339 quas
515 1275 584 1318 esse
600 1254 708 1320 lunam
723 1262 755 1320 et
770 1255 868 1322 solem
882 1257 1005 1340 volunt,
1025 1279 1119 1340 regno
1141 1258 1193 1322 dci
1207 1265 1358 1342 tanquam
1371 1277 1443 1342 pro·

284 1357 361 1442 priis
377 1356 505 1422 sedibus
520 1356 619 1424 reddi.
650 1359 732 1436 Quas
752 1379 850 1424 naves
871 1359 909 1424 de
925 1361 1101 1426 substantia
1115 1360 1166 1425 dei
1180 1379 1260 1452 pura
1277 1362 1445 1445 perbibent

284 1459 468 1541 fabricatas,
498 1459 663 1546 lucemque
689 1463 783 1526 istam
809 1481 1005 1546 corpoream,
1036 1465 1242 1528 animantium
1266 1465 1443 1530 mortalium

285 1562 382 1628 oculis
403 1562 615 1644 adiacentem,
636 1563 687 1628 dei
708 1564 817 1630 dicunt
837 1585 906 1630 esse
926 1571 1079 1630 naturam.
1110 1567 1253 1650 Quinque
1274 1570 1360 1633 eninr
1380 1566 1443 1632 ele·

284 1671 401 1748 mente,
416 1685 495 1750 quae
510 1672 685 1748 genuerunt
700 1669 858 1750 principes
873 1669 1025 1752 proprios,
1040 1670 1125 1752 genti
1139 1669 1283 1734 tribuunt
1296 1671 1443 1736 tenebra·

284 1789 353 1835 rum
368 1789 465 1853 eaque
481 1768 637 1834 elementa
651 1769 700 1834 his
715 1772 896 1836 nominibus
910 1777 1109 1854 nuncupant,
1128 1773 1265 1855 fumum,
1284 1773 1443 1855 tenebras,

283 1876 406 1958 ignem,
422 1893 550 1956 aquam,
564 1878 702 1938 ventum.
728 1873 766 1938 ln
780 1873 864 1938 sumo
879 1880 955 1939 nata
969 1875 1117 1939 animalia
1131 1875 1273 1958 bipedis,
1287 1875 1373 1940 unde
1387 1875 1442 1941 bc·

284 1979 385 2042 mines
401 1975 515 2040 dueere
531 1977 681 2057 originem
696 1983 842 2054 censent3
862 1977 1051 2042 intenebris
1066 1980 1223 2061 repentia,
1237 1981 1271 2042 in
1286 1978 1353 2062 igni
1368 2000 1442 2063 qus·

285 2077 451 2162 drupedie,
471 2080 505 2142 in
520 2080 609 2162 aquis
625 2079 784 2161 natatilia,
799 2079 833 2144 in
847 2086 941 2144 vento
956 2079 1104 2144 volatilia.
1147 2081 1205 2144 His
1221 2083 1359 2166 quinque
1380 2081 1442 2146 ele·
1549 2149 1550 2154 ,

284 2182 399 2248 mentis
418 2181 511 2246 malis
532 2180 726 2246 debellandis
747 2182 809 2246 alia
829 2183 966 2267 quinque
982 2181 1138 2248 elementa
1157 2183 1196 2247 de
1211 2205 1306 2266 regno
1322 2191 1355 2250 et
1369 2184 1442 2250 snb·

285 2287 402 2350 stantia
420 2284 472 2348 dei
490 2286 588 2348 missa
607 2305 676 2348 esse
697 2283 823 2366 dicum,
849 2291 881 2350 et
904 2288 938 2350 in
961 2285 1015 2350 ille
1034 2303 1138 2369 pugno
1156 2285 1253 2352 fuisse
1278 2290 1445 2370 permixte,
1549 2333 1550 2344 ,

285 2389 368 2452 fumo
384 2390 499 2470 obrem,
513 2385 651 2452 tenebris
667 2387 781 2469 lucem,
796 2390 861 2472 igni
871 2387 953 2454 malo
965 2391 1069 2470 ignem
1085 2389 1213 2470 bonum,
1232 2391 1444 2474 aquaemolas

285 2511 398 2576 aquam
413 2490 538 2572 bonsm,
558 2495 652 2555 vento
666 2490 749 2556 malo
764 2498 893 2556 ventum
912 2491 1037 2556 bonurn.
1067 2491 1170 2556 Navoa
1189 2496 1294 2556 eutem
1308 2491 1393 2575 illas,
1412 2492 1445 2558 id
1549 2551 1550 2562 ,

285 2600 333 2660 est
348 2595 409 2659 duo
426 2592 504 2658 caeli
518 2592 695 2676 luminaria,
710 2595 755 2658 ita
770 2593 976 2677 distinguunt,
990 2600 1026 2658 ut
1041 2593 1148 2659 lunam
1160 2594 1267 2660 dicunt
1277 2595 1396 2662 factm
1408 2616 1445 2660 ex

284 2699 367 2764 bona
381 2717 472 2782 equa,
492 2696 592 2762 solem
613 2717 685 2761 vero
702 2717 740 2760 ex
756 2697 836 2762 bono
857 2699 931 2780 igni.
968 2696 1045 2762 Esse
1065 2703 1171 2762 eutem
1189 2700 1224 2762 in
1246 2701 1291 2762 eis
1311 2700 1448 2766 navibus

285 2807 411 2868 sanctas
424 2802 568 2883 virtutes,
583 2820 662 2883 quae
679 2819 712 2864 se
727 2801 761 2866 in
775 2799 931 2865 masculos
942 2799 1176 2883 transfigurant,
1190 2803 1227 2864 ut
1239 2800 1387 2867 inliciant
1401 2804 1447 2866 ie·

284 2907 386 2970 minas
406 2905 508 2987 gentis
531 2902 699 2984 adversae,
720 2908 751 2966 et
771 2901 927 2985 perhanc
948 2903 1141 2968 inlecebram
1161 2911 1318 2968 commota
1339 2925 1449 2970 corum

286 3007 539 3088 concupiscentia
553 3005 651 3088 fugiat
666 3005 703 3069 de
718 3005 781 3070 illis
796 3005 903 3070 lumen
917 3005 1000 3090 quod
1013 3006 1163 3070 membris
1178 3007 1240 3070 iuis
1254 3010 1450 3090 permixtum

285 3111 446 3190 tenebant,
462 3113 494 3171 et
508 3107 703 3191 purgandum
718 3108 907 3192 suscipietur
922 3108 961 3174 ab
977 3108 1097 3192 angelis
1112 3108 1202 3192 lucis,
1217 3115 1449 3196 purgatumque

285 3211 400 3280 inillis
422 3209 555 3276 navibus
574 3212 752 3293 imponatur
776 3210 817 3275 ad
837 3231 933 3294 regna
957 3213 1084 3295 propria
1105 3211 1338 3295 reportandum.
1382 3215 1451 3294 Qua

287 3317 449 3382 occasione
471 3318 622 3396 eoguntur
646 3311 738 3378 electi
759 3333 866 3378 eorum
889 3312 975 3379 uelut
998 3313 1218 3380 eucharistiam
1243 3333 1450 3399 conspersam

287 3439 358 3484 cum
377 3419 497 3482 semine
518 3415 653 3480 humano
674 3435 813 3498 sumere,
832 3421 867 3480 ut
887 3418 982 3481 etiam
1000 3417 1091 3499 inde,
1112 3419 1195 3482 sicut
1214 3416 1253 3482 de
1273 3417 1345 3483 aliis
1367 3420 1448 3485 cibis

286 3541 363 3606 quos
384 3521 558 3603 accipiunt,
578 3519 754 3584 substantia
772 3517 947 3584 illadirina
966 3525 1123 3603 purgetur.
1159 3519 1222 3584 Sed
1236 3519 1295 3586 hoc
1316 3541 1352 3586 ss
1372 3523 1448 3588 dum

286 3626 390 3690 iacere
404 3628 530 3706 negant,
546 3619 664 3686 detecti
678 3627 760 3686 sunt.
797 3621 878 3686 Nem
893 3627 925 3685 et
940 3621 1022 3705 apud
1038 3621 1204 3688 ecclesiam
1219 3622 1446 3707 Carthaginen-

287 3749 356 3794 sem
370 3729 415 3792 ita
429 3730 503 3790 sunt
516 3725 719 3790 manifestati.
761 3723 904 3808 Denique
925 3726 958 3788 in
979 3731 1134 3790 conventu
1153 3727 1373 3810 episcoporum
1394 3750 1446 3794 co·

287 3851 355 3896 ram
369 3831 454 3895 omni
468 3825 581 3912 populo
598 3825 741 3892 consessa
756 3832 804 3892 est
819 3826 932 3910 puella,
946 3827 1086 3894 nondum
1100 3849 1253 3893 annorum
1269 3827 1446 3914 duodecim,

287 3937 382 4000 istam
395 3931 548 3997 nefariam
562 3929 798 4013 turpitudinem,
814 3934 846 3994 et
859 3929 976 3995 ³multa
986 3929 1133 4014 prodidit,
1148 3933 1284 4015 seipsam
1295 3931 1446 4000 adserens

288 4038 327 4103 ob
341 4037 401 4101 boc
420 4033 607 4100 ⁴scelcstum
627 4039 857 4098 sacramentum
876 4053 983 4099 eorum
1000 4036 1066 4100 vim
1081 4053 1151 4098 esse
1166 4051 1359 4118 perpessam.
1390 4037 1446 4102 Cui

215 4128 223 4140 “
289 4140 473 4222 cumprime
488 4159 551 4202 non
567 4135 745 4202 crederetur
764 4137 819 4202 uni
833 4135 956 4220 puellae
972 4141 1004 4201 et
1018 4135 1086 4220 soli,
1106 4135 1256 4220 plurimas
1272 4141 1446 4204 nominavit

287 4241 379 4307 huius
394 4240 540 4306 facinoris
557 4241 711 4324 conscias,
726 4260 803 4324 ques
818 4239 927 4306 solatio
943 4238 1015 4306 Ursi
1030 4241 1159 4324 tribuni,
1180 4243 1233 4325 qui
1247 4245 1323 4306 tunc
1339 4240 1443 4308 domui

338 4357 362 4446 2ss
375 4407 441 4463 quae
453 4392 567 4446 menime
579 4391 703 4461 colligata
713 4391 768 4445 MS.
780 4392 848 4461 dap.
903 4391 928 4446 3.
941 4391 986 4446 Ita
997 4393 1036 4446 ecl
1051 4393 1174 4448 Gallcad.
1186 4393 1225 4444 Ar
1233 4391 1383 4448 &manduc
1394 4395 1444 4448 eatt-

291 4462 364 4514 derat
374 4461 476 4514 multas.
519 4460 543 4514 4.
556 4459 664 4514 scelesto
676 4465 838 4514 sacramento
849 4459 905 4516 MS.
918 4461 985 4530 Aue.
