3100 4980
1232 285 1292 354 ecl

117 439 1294 592 efflueusu,turritanusstatuimus:

118 581 173 634 fai
189 580 245 634 166.
263 581 295 634 de
312 581 440 652 Tempore
456 597 569 636 sermon.
580 581 730 636 XXXVIII.
758 579 967 650 Theophylsctue
986 595 1013 660 ιιι
1029 575 1191 632 Matthaeum
1204 593 1260 649 esp.
1272 581 1292 634 l.

118 649 260 702 Dmaus
271 649 320 703 ΡΡ.
334 667 347 702 e
366 651 443 702 istola
455 649 488 702 sd
498 650 638 704 Paulinum
649 648 801 703 Antiochen.
813 655 876 703 tom.
887 648 907 701 1.
925 648 1016 700 concil.
1034 647 1079 702 iol.
1091 645 1150 700 381.
1178 647 1292 702 Hilarius

119 717 159 770 sie
172 717 202 772 S.
215 667 397 771 Tsinitsteiib.
408 717 453 772 111.
466 725 493 771 et
503 718 547 772 IV.
566 717 839 788 Gregorius'Bssticns
851 717 881 798 de
893 716 952 770 fide.
970 713 1018 768 Ful
1038 715 1201 769 entiusinrs
1235 733 1291 771 ons.

121 791 222 840 conus
233 787 358 840 Ariisnos
370 785 414 841 iol.
426 785 468 840 30.
480 787 513 839 sd
525 785 727 840 Trasimundum
738 787 838 858 Regem
848 786 894 839 lib.
907 783 951 838 111.
962 785 1008 838 iol.
1038 783 1062 840 4,
1080 783 1206 840 Rsbenus
1264 801 1292 838 u·

121 871 173 908 rus
186 854 219 908 de
231 871 343 908 sermon.
356 857 504 926 proprietst.
517 855 562 908 lib.
574 855 616 910 1v.
629 871 687 926 cup.
699 856 735 911 X.

179 947 239 1002 Non
251 949 367 1002 confusis
378 951 489 1018 naturis]
505 949 658 1022 Fulgentius
671 949 703 1004 nd
715 947 915 1004 Trnsimundum
926 949 1026 1018 Regem
1037 947 1081 1002 lib.
1095 945 1137 1000 111.
1149 945 1194 1004 fol.
1205 945 1246 1002 58.
1260 947 1292 1000 ln

121 1037 177 1070 urso
188 1021 318 1087 eodemque
328 1018 427 1071 Christo
436 1037 499 1072 uera
509 1021 660 1082 divinitatis,
672 1035 781 1088 cacque
790 1018 957 1070 humanitatis
966 1027 1061 1070 natura
1069 1019 1221 1087 permansit,
1235 1018 1293 1069 dum

124 1089 192 1139 deus
204 1106 251 1140 nou
264 1089 382 1155 confusus
393 1085 495 1152 bomini,
507 1090 553 1140 sed
563 1092 655 1152 unitus,
664 1091 702 1139 sic
714 1091 742 1140 in
750 1106 802 1139 uua
833 1105 924 1140 ersona
936 1089 1063 1154 utriusque
1073 1093 1182 1138 staturae
1188 1103 1292 1155 perma-

126 1158 212 1206 neatis
223 1155 323 1207 iudicia
336 1157 529 1220 demonstrauit,
542 1165 569 1208 ut
580 1174 653 1208 uerus
665 1158 737 1220 deus,
754 1105 877 1224 sipbara
888 1159 955 1207 reris
968 1157 1107 1224 diuinisque
1119 1155 1254 1206 uirtutibus
1265 1158 1293 1206 iu

125 1223 228 1276 bomine
240 1224 352 1276 clareret
362 1233 503 1294 asssumpta,
516 1232 540 1276 et
550 1228 649 1276 ueritas
658 1225 814 1294 irmrmitotis
826 1223 953 1276 bumuuae
962 1241 1047 1274 oerum
1054 1223 1203 1292 plenumque
1214 1221 1292 1274 bomi-

125 1310 184 1342 nem
196 1301 348 1344 monstraret
359 1296 385 1343 irs
398 1293 451 1357 deo.
462 1323 496 1332 -
509 1293 575 1344 Dum
588 1297 668 1345 nostri
678 1295 762 1345 rodem
782 1296 856 1344 tionis
871 1296 1044 1344 commercium
1059 1302 1203 1358 perereurr,
1214 1293 1291 1360 pleno

126 1379 236 1430 veroque
247 1361 350 1424 bamini,
357 1361 461 1430 plenum
472 1379 603 1430 aerumque
615 1363 687 1413 deum
700 1311 806 1413 decebat
816 1364 893 1430 uniri,
905 1363 943 1412 sic
957 1369 1038 1416 tumen
1050 1363 1115 1410 utin
1127 1363 1223 1412 urritatc
1231 1377 1291 1430 per-

125 1446 220 1491 sonae,
236 1447 281 1481 uec
293 1431 321 1479 iu
333 1427 429 1480 bomine
447 1431 521 1492 deus,
538 1448 583 1482 ricc
595 1429 665 1481 bomo
696 1438 760 1480 osset
770 1433 797 1480 ia
809 1431 854 1482 deo
867 1431 994 1497 confundi.
1012 1425 1140 1480 tohsnnes
1152 1427 1291 1480 Damasce-

125 1513 179 1549 nns
191 1496 219 1549 in
231 1497 347 1550 oratione
359 1503 450 1550 contra
461 1495 606 1568 Acephslos
618 1496 662 1550 iol.
674 1447 733 1550 bib.
751 1496 852 1566 Γέγονεν
865 1494 892 1548 ἐκ
904 1496 995 1558 τελείας
1008 1495 1047 1547 bet
1080 1512 1134 1562 τος,
1147 1493 1188 1546 καί
1199 1494 1291 1556 τελείας

125 1563 332 1634 diripiendi-ntae,
350 1558 381 1626 εἷς
393 1565 504 1634 Χριστσς,
517 1559 548 1625 εἷς
561 1563 624 1632 υἱὸς,
643 1563 656 1617 b
669 1564 742 1626 αὐτὸς
755 1565 810 1617 θεοῦ
823 1581 848 1616 τε
864 1565 904 1616 καί
917 1513 1093 1634 ἀνθρώπσυῖίς
1110 1563 1204 1633 κύριος,
1218 1559 1231 1615 b
1249 1563 1290 1614 ab·

125 1633 170 1693 τὸς
188 1631 347 1702 θείνετίλεισς
364 1632 404 1684 καὶ
427 1629 469 1684 ἄνθ
487 1651 554 1694 maog
571 1633 670 1694 τέλειος.
700 1629 781 1694 ‘ota
798 1632 850 1693 uiue
869 1633 908 1684 uui
925 1630 984 1692 ὅλος
1002 1629 1190 1701 &sepossedeo
1209 1632 1291 1702 pistae

130 1699 269 1753 ἕνωθεισῶν
281 1704 330 1752 τῶν
343 1701 447 1770 φύσεων,
460 1652 578 1768 dipsa
590 1701 630 1753 καί
642 1699 776 1772 ἀτρέπτοις,
789 1701 829 1754 καί
841 1697 988 1771 ἀδιαιρέτως.
1007 1697 1168 1770 Ἀσυγχίτως
1182 1649 1233 1770 piu,
1246 1717 1290 1769 φυ-

124 1767 211 1822 λάττει
247 1769 275 1840 ep
294 1766 382 1836 ἑκάστη
420 1769 470 1831 bau
488 1775 528 1838 τῆς
545 1768 630 1838 ἑαυτῆς
649 1771 688 1822 δια
708 1769 781 1840 opitu,
800 1769 827 1820 sb
846 1766 958 1822 ἄκτιστσν
976 1767 991 1834 ἡ
1009 1767 1106 1854 θείης,
1124 1766 1152 1818 sb
1166 1765 1289 1834 κτιστσνῆ

125 1788 296 1908 ἂνθρωπξπς,
315 1837 343 1888 s‘o
356 1788 458 1902 baebia,
505 1839 602 1904 θεόιης,
620 1837 648 1889 sb
662 1789 771 1904 suburbe
788 1835 803 1904 ἡ
821 1836 993 1925 ἀνθρωπότης,
1005 1835 1045 1888 καί
1058 1854 1088 1887 τα
1100 1839 1208 1888 τοιαῦτα.
1222 1832 1290 1924 lupi-

126 1924 196 1966 πτως
209 1904 248 1974 δὲ,
261 1872 299 1957 bui
311 1905 440 1976 μεμένηκεν
453 1903 479 1958 ἐκ
497 1925 541 1973 στη
559 1907 628 1977 φύσις
641 1903 821 1966 buciliensium.
844 1925 872 1957 ου
886 1909 1004 1976 τραπεῖσα
1016 1902 1047 1965 εἰς
1063 1902 1106 1972 τὴν
1118 1902 1214 1988 ἑτέραν,
1233 1903 1291 1957 ουδὲ

147 1974 174 2025 ia
185 1973 298 2034 σύνθετος
311 1975 486 2056 χρηματίσασα
499 1977 581 2043 ubam,
594 1973 658 2026 ἀλλὰ
671 1975 715 2027 δύο
727 1973 881 2044 ὖπᾶργσσσαι
898 1973 938 2026 καί
950 1973 1136 2038 διαιωνίζσυσαι.
1150 1973 1290 2044 αδιαιρέτως

125 1995 162 2106 ἕξ
182 2040 341 2108 beniaminae
358 2041 477 2108 αλλήλαις
495 2043 549 2095 καθ’
566 2041 712 2112 ὑπόστασιν,
731 2043 787 2113 μίαν
802 2029 905 2114 ἔχουσαι
921 2041 1069 2112 ὑπόστασιν,
1084 2041 1126 2108 τὴν
1144 2041 1290 2113 προαιώνισν

125 2111 186 2182 μὲν,
199 2108 332 2180 ἀσώματον
345 2109 384 2162 καί
401 2109 495 2179 ἁπλῆν,
515 2109 552 2164 ἐπ’
572 2109 684 2182 ἐσχάτων
701 2111 727 2164 δὲ
745 2115 795 2163 τῶν
812 2113 910 2182 χρόνων
922 2108 949 2162 ἐκ
976 2114 1003 2172 ’ς
1016 2109 1099 2182 ἁγίας,
1117 2108 1152 2163 αἰεί
1170 2111 1290 2181 παρθένου

124 2177 323 2249 σωματωθεῖσαν
333 2177 516 2249 &perstitisse
535 2181 577 2232 Ec
605 2185 701 2250 ersecta
712 2183 805 2234 deitate
818 2189 842 2232 et
848 2129 1138 2249 persectdbumcnitate
1148 2184 1240 2250 sactus
1255 2191 1292 2232 est

123 2267 192 2300 uuus
204 2247 326 2311 Christus,
338 2251 480 2318 unusfilius
492 2251 534 2302 dei
545 2259 569 2301 et
579 2200 699 2313 blitrudis,
717 2251 782 2302 idem
794 2253 849 2320 ipse
861 2249 921 2300 deus
929 2253 1071 2317 perfectus,
1091 2259 1115 2300 et
1125 2249 1196 2302 bomo
1204 2253 1290 2318 perse·

124 2325 192 2380 ctus,
204 2324 268 2368 totus
277 2317 344 2380 deus,
358 2325 422 2370 totus
431 2317 509 2380 bomo,
522 2321 623 2370 recurris
633 2323 700 2370 inter
708 2335 735 2369 se
743 2321 820 2368 uultis
831 2321 1012 2386 inconfuse,
1024 2321 1035 2367 i
1041 2321 1208 2370 acouuerti
1214 2319 1245 2368 bi
1251 2319 1289 2369 li·

124 2395 177 2437 ter
193 2403 230 2436 ac
248 2385 533 2454 inseparabiliter.
568 2387 702 2454 lucensius
719 2387 817 2454 quidem
833 2389 896 2456 quia
914 2403 1024 2454 quaeque
1042 2395 1137 2438 notura
1148 2405 1290 2455 mauupro·

118 2457 214 2523 priam
224 2454 395 2522 differentiam
404 2458 507 2516 retinet,-
521 2455 651 2516 diuinitas,
661 2459 809 2517 increatum,
820 2453 975 2524 impassibile
985 2472 1049 2517 esse;
1062 2451 1208 2506 humanitas
1218 2473 1290 2506 creo·

123 2531 186 2584 mm,
196 2521 321 2590 passibile
333 2539 397 2585 esse,
416 2532 440 2576 et
454 2541 519 2592 puae
535 2531 593 2574 suat
603 2521 750 2576 huiusmodi.
778 2523 1008 2574 locoru-ertibiliter
1019 2541 1091 2585 rero,
1109 2527 1169 2592 auia
1181 2541 1291 2591 quaeque

123 2597 224 2642 natura
235 2591 408 2642 inalterabilis
415 2596 567 2660 permansit,
580 2610 627 2644 aare
640 2607 764 2643 conversa
776 2594 803 2642 ia
815 2593 932 2654 alteram,
945 2609 1021 2660 rseqzre
1033 2609 1084 2642 una
1094 2595 1232 2660 composita
1245 2610 1291 2644 na·

123 2667 187 2710 tura
199 2659 259 2710 inde
271 2660 389 2726 conflata,
402 2661 448 2711 sed
459 2661 525 2711 duae
536 2677 613 2711 uerae
622 2669 686 2722 erunt,
695 2669 863 2728 perpetuoque
874 2659 1007 2711 manebunt
1015 2668 1132 2712 naturae.
1150 2659 1290 2729 Iasepara·

122 2727 214 2778 bilitcr
226 2745 284 2778 sero
297 2729 402 2796 denique
414 2731 473 2796 quia
486 2727 644 2797 hypostatice
655 2727 705 2780 sibi
716 2731 822 2780 inuicem
834 2735 892 2778 moret
902 2731 999 2790 unitae,
1017 2745 1094 2778 uuam
1111 2727 1231 2780 babentes
1246 2728 1290 2794 bp-

118 2799 250 2866 pastasiu,
263 2814 326 2864 quae
338 2815 393 2846 curs
399 2799 483 2864 suerit
495 2805 608 2860 oete-ruo,
622 2800 772 2866 incorporea
786 2803 809 2846 et
820 2797 933 2864 simpler,
946 2797 1086 2847 nouissimis
1099 2797 1249 2865 temporibus
1261 2815 1291 2848 ea

121 2871 219 2916 sancta
232 2873 257 2915 et
267 2881 316 2914 sem
336 2883 364 2916 er
376 2867 474 2932 m'rpirre
487 2865 675 2916 immutabiliter
687 2867 826 2916 incuruata
840 2873 888 2914 est:
901 2869 927 2916 et
939 2863 970 2916 de
983 2863 1033 2916 fids
1047 2863 1289 2918 orthodoxalib.111.

122 2947 184 3002 cap.
196 2929 240 2986 III.
254 2931 299 2984 lib.
311 2883 354 2986 ii.
367 2949 423 3002 cup.
435 2931 481 2986 IX.
498 2932 590 2985 Petrus
601 2933 731 2986 Diaconus
744 2932 775 2984 de
788 2931 913 2988 incarnat.
928 2931 1025 2986 domini
1037 2949 1092 3003 esp.
1103 2931 1126 2986 i.

179 3025 354 3093 Timotheum]
372 3026 495 3080 Daneeus
507 3027 539 3079 ad
551 3027 727 3094 Augustinum
739 3027 771 3079 de
782 3025 881 3080 haeres.
894 3043 950 3097 esp.
961 3027 1001 3080 90.
1014 3043 1048 3080 ex
1059 3029 1204 3098 exemplari
1213 3027 1290 3082 Gem-

122 3094 225 3148 blensi:
242 3093 400 3148 Timortemi
411 3097 587 3164 dicurrtfilium
600 3097 642 3148 dei
653 3113 737 3147 oerum
749 3099 847 3165 quidem
859 3095 981 3152 bominem
993 3113 1023 3149 es
1035 3100 1134 3164 sirpine
1144 3097 1234 3150 Maria
1244 3117 1290 3150 νισ-

121 3173 184 3225 mm,
196 3165 243 3216 esd
253 3181 301 3214 nou
312 3167 352 3216 ita
363 3181 440 3215 uuum
451 3165 594 3216 reddidisse
603 3182 748 3232 personam,
761 3173 847 3216 utnon
858 3168 886 3218 iu
897 3183 974 3216 unam
984 3169 1020 3216 sit
1029 3167 1150 3218 redactus
1162 3175 1289 3230 naturam,

121 3233 301 3299 conflatorium
313 3233 439 3301 quoddam
456 3233 563 3284 uolentes
573 3236 657 3300 fuisse
675 3235 800 3284 interiora
814 3237 935 3301 cirpiais,
949 3251 999 3302 per
1016 3235 1081 3302 quod
1092 3235 1158 3286 ἄνισα
1170 3243 1288 3296 naturae,

120 3301 157 3352 id
168 3307 206 3352 est
222 3301 283 3352 deus
295 3309 321 3352 et
331 3300 410 3362 bomo,
422 3303 450 3351 irs
461 3319 538 3352 ursam
548 3302 674 3352 resolutae
686 3309 710 3354 et
720 3311 868 3370 corupactue
880 3320 1004 3364 massam,
1020 3319 1096 3354 urium
1114 3304 1157 3354 dei
1171 3311 1195 3352 et
1210 3301 1287 3354 bomi-

122 3371 168 3420 mss
179 3367 468 3488 cubibuemayormam
480 3372 637 3422 immutatum
647 3371 768 3422 videlicet
778 3380 929 3422 naturarum
936 3374 1128 3438 proprietatem,
1141 3373 1288 3438 efficientia·

121 3453 183 3489 rum
192 3440 306 3489 coitione.
346 3437 361 3488 't
369 3439 406 3488 od
414 3437 612 3504 coifirraondam
624 3438 767 3490 huiusmodi
777 3442 937 3508 impietatem,
950 3456 1014 3507 quere
1026 3440 1097 3490 deum
1110 3442 1202 3490 amerit
1212 3457 1230 3492 a
1241 3455 1289 3492 sua

121 3523 225 3556 aarum
237 3513 332 3557 uaurra
345 3514 438 3574 coquat
453 3507 623 3572 ecarsyelistac
640 3509 803 3558 testimonium
819 3509 940 3558 dicentis:
957 3515 982 3558 et
997 3507 1097 3558 uerbum
1114 3525 1175 3558 coro
1184 3511 1289 3575 factum

122 3581 175 3635 cst,
192 3573 258 3642 quod
268 3577 307 3624 ita
318 3577 526 3642 interpretantur,
539 3577 628 3626 dio-lua
640 3583 737 3626 statura
748 3579 775 3626 irs
787 3575 923 3626 humanam
933 3592 1054 3626 crmoersa
1066 3584 1109 3628 est.
1142 3575 1289 3628 Oabolitio·

121 3659 182 3694 mem
199 3642 240 3694 illi
250 3643 394 3694 inuiolabili
403 3645 578 3709 impiupeutem
590 3643 756 3695 substautias.
785 3641 869 3694 Huius
885 3646 1024 3711 impietatis
1034 3647 1132 3696 imts'um
1149 3643 1289 3696 Timotheus

121 3711 199 3779 apud
209 3709 307 3776 Bysam
317 3709 455 3777 Bithyniae
464 3713 534 3762 modo
543 3713 648 3762 autom
657 3715 793 3775 ciuitatem,
806 3715 955 3762 contineatis
964 3720 988 3764 et
998 3713 1134 3778 relipicsae
1145 3716 1214 3764 oitue
1225 3717 1288 3765 insa-

120 3782 186 3848 pius
198 3780 282 3830 multis
299 3779 390 3833 illudit.
421 3777 504 3830 Huius
520 3778 601 3832 iusori
618 3779 739 3849 opposuit
755 3796 784 3831 se
801 3780 864 3832 oiim
880 3779 987 3834 Samuel
1003 3777 1149 3833 Edessenue
1166 3781 1288 3834 ecclesius

121 3847 274 3918 presbyter,
293 3847 431 3900 ostendens
448 3848 556 3900 verbum
567 3863 671 3900 munem
682 3847 794 3912 iachim,
811 3855 933 3902 manente
945 3847 1023 3900 verbo
1035 3848 1062 3900 in
1074 3863 1123 3900 sue
1134 3849 1288 3913 substantie,

121 3920 154 3968 et
164 3913 270 3968 homins
279 3915 306 3968 in
315 3931 364 3968 sus
372 3923 472 3980 nature,
484 3916 608 3968 societate
620 3933 673 3969 non
684 3917 859 3980 immixtione,
877 3933 958 3970 unam
968 3915 1016 3969 iiiii
1027 3915 1069 3968 dei
1079 3916 1220 3970 reddidisse
1231 3935 1288 3987 pes·

121 4000 226 4038 sensns.
246 3982 395 4036 Gennadius
406 3984 561 4036 Massiliene.
574 3985 602 4036 in
614 3985 726 4053 catalog.
739 3985 816 4036 viram
827 3983 919 4037 illustr.
931 3986 958 4037 in
971 3983 1100 4038 Samuele.

176 4068 247 4121 Dens
259 4067 391 4122 bominem
403 4069 557 4140 assumpsit]
574 4068 603 4122 ld
615 4075 662 4134 est,
675 4075 705 4120 ut
716 4069 877 4138 Augustinus
889 4071 926 4122 sit
938 4069 969 4121 de
981 4069 1043 4121 side
1055 4069 1088 4121 sd
1100 4068 1212 4134 Petrum,
1225 4085 1247 4124 e.
1261 4070 1286 4125 2.

124 4137 199 4190 Deus
214 4137 316 4190 omium
332 4141 435 4206 occepit
450 4147 568 4188 naturam
586 4137 694 4189 borninis
709 4155 757 4188 non
791 4155 914 4190 ersoaam.
944 4137 1011 4190 Num
1029 4139 1187 4190 annuariam
1205 4139 1287 4192 dicere

123 4206 193 4278 (scil.
206 4205 275 4275 quod
286 4221 396 4276 persone
407 4220 515 4258 menone
528 4206 555 4258 in
567 4221 615 4258 sne
626 4206 763 4276 personsb'
775 4205 837 4258 itste
848 4205 926 4258 inerit
942 4211 1085 4276 assumpte,
1101 4212 1141 4258 est
1157 4221 1227 4259 error
1238 4207 1287 4260 Ne·

123 4275 201 4328 storii
212 4275 256 4344 qni
268 4275 356 4343 potuit
366 4274 393 4326 in
407 4272 509 4326 Christo
521 4273 585 4326 dues
597 4289 735 4342 personas,
751 4275 793 4326 vet
805 4274 854 4327 duo
868 4275 1015 4344 supposita,
1034 4291 1086 4344 qno
1103 4275 1149 4344 qui
1166 4273 1288 4328 ndheemt

122 4343 174 4396 deo
185 4359 254 4396 nnus
267 4343 372 4412 spiritus
383 4347 435 4394 est:
471 4343 500 4394 ui
516 4358 587 4408 error
602 4341 789 4394 condemnatus
806 4349 846 4394 est
861 4343 888 4395 in
906 4342 1006 4411 synodo
1019 4343 1211 4396 Gslcedonensi
1230 4343 1286 4397 vid.

123 4411 265 4466 Dursndus
278 4416 388 4462 sentent.
399 4410 444 4464 lib.
455 4357 482 4464 b.
495 4409 606 4462 distinet
616 4410 646 4462 V.
660 4415 760 4479 quaest.
771 4409 789 4462 I.
807 4410 898 4463 Petrus
909 4411 1069 4464 isambardus
1082 4412 1126 4465 lib.
1140 4411 1164 4464 3.
1176 4418 1286 4466 sentent.

123 4479 238 4532 dutinct
247 4479 278 4532 V.
305 4479 483 4531 Damesoenns
499 4477 531 4530 de
548 4475 600 4530 fids
612 4476 757 4532 orthodoxe
768 4478 812 4531 lib.
823 4477 865 4531 111.
879 4495 935 4549 esp.
945 4479 963 4533 l.
990 4479 1142 4606 Fuiffintius
1158 4480 1190 4532 sd
1202 4481 1287 4534 Τεισί-

122 4547 252 4603 τιιιιιιιίαιιι
260 4560 350 4617 regem
358 4547 402 4602 lib.
411 4545 455 4601 111.
472 4545 584 4602 lsidmus
592 4546 755 4618 Hispalensis
766 4553 877 4604 sentent.
886 4548 930 4604 tib.
940 4547 960 4605 1.
970 4563 1027 4620 esp.
1075 4549 1107 4605 V.
1124 4549 1286 4620 Anguettnus
