3112 4986
300 285 361 354 235
639 331 643 338 ,
764 285 991 328 emanasrnmrr

168 471 218 525 esp.
231 471 281 514 ιιι.
361 441 553 509 Duodeoima
572 444 711 508 haeresis
732 443 1024 509 ¹Sooundianorum
1068 443 1135 512 Hoo
1155 445 1256 512 solum
1276 467 1296 510 a
1314 445 1456 512 Valenti·

298 545 401 610 nianie
416 545 544 629 distant,
558 549 632 631 quie
645 545 766 612 addunt
775 546 849 612 huic
860 553 964 612 sectae
976 549 1071 612 etiam
1081 547 1308 633 turpitudinem
1320 551 1457 634 eorporis

298 669 392 733 quam
405 647 513 734 ²quasi
527 649 574 714 ilh·
588 649 787 736 pseudocasti
802 649 960 714 declinare
975 669 1009 714 se
1021 650 1178 716 simulant
1215 651 1280 716 Hos
1296 651 1458 718 damnavit

296 751 450 818 Diodorus
465 755 632 839 episcopos
647 753 816 818 Cretensis.

157 883 208 936 ost
220 883 280 926 nu.
359 854 590 920 Tertiadecima
603 855 742 922 haeresis
758 855 989 939 ¹Ptolcmaitoe,
1008 857 1219 922 ePtolemaoo
1233 857 1394 924 Valentini
1407 857 1455 922 di-

297 958 433 1046 scipulo,
452 962 506 1044 qui
523 959 604 1024 hano
624 959 757 1036 eandem
781 960 936 1025 haeresim
955 962 1058 1025 acrius
1078 959 1266 1046 disputando
1292 961 1456 1047 dispersit:

297 1065 350 1148 qui
370 1061 481 1128 eodem
499 1069 640 1148 tempore
664 1085 684 1128 a
704 1070 813 1129 saneto
834 1063 993 1130 Zucchaeo
1018 1071 1284 1150 supramemorato
1311 1068 1456 1152 episcopo

297 1165 490 1231 Caesariensi
510 1165 675 1231 damnatus
695 1174 751 1232 est.
788 1167 958 1232 Haeresem
972 1169 1263 1252 tarnenpessimam
1283 1167 1458 1253 permulta
1553 1229 1554 1238 ,

296 1271 540 1354 spatiaorientis
555 1267 711 1355 dispersit.
1553 1257 1554 1270 ¹

159 1399 210 1452 esp.
222 1399 277 1440 xrv.
360 1371 598 1450 Quartadeoime
611 1373 749 1438 haeresis
763 1395 783 1438 a
796 1373 900 1440 hlarco
916 1372 1051 1460 quodam
1065 1379 1114 1437 est
1128 1373 1311 1455 admventa‚
1330 1377 1386 1458 qui
1399 1395 1456 1438 ne-

296 1495 373 1558 gans
387 1477 647 1540 resurrectionem
667 1479 770 1541 carnis
786 1477 944 1542 Christum
958 1497 1022 1542 non
1036 1497 1109 1541 vere
1124 1495 1267 1561 pessum,
1287 1476 1344 1541 sed
1364 1485 1456 1561 puta-

295 1579 371 1659 tivo,
386 1578 556 1642 conabatur
574 1578 743 1644 adstruere.
780 1579 871 1646 Hunc
891 1586 1019 1645 sanctus
1039 1579 1195 1661 Clemens,
1214 1579 1379 1664 episcopus
1394 1581 1456 1645 Ro-

296 1699 407 1744 manus
428 1687 460 1744 ot
480 1681 681 1764 dignissimus
695 1690 825 1766 martyr,
840 1683 910 1748 lixis
921 1690 954 1746 et
963 1685 1092 1765 integris
1104 1682 1334 1748 adsertionibus
1346 1685 1456 1750 eoniu-

295 1789 367 1847 tans
386 1787 418 1848 et
442 1805 546 1850 coram
565 1788 651 1850 omni
674 1785 766 1870 plebe
786 1787 819 1851 in
840 1786 975 1851 ecclesia
999 1785 1147 1868 detegens
1172 1791 1300 1850 aeterna
1324 1786 1456 1851 damna·

296 1889 379 1951 tione
403 1889 540 1974 punivit,
565 1887 681 1954 docens
700 1909 773 1954 vere
797 1895 907 1954 n‘aturn
926 1895 959 1953 ot
983 1909 1110 1974 pessum
1134 1887 1296 1954 dominum
1314 1896 1459 1955 nostrum
1554 1877 1555 1882 ἵ

295 1991 400 2057 lesum
415 1991 583 2074 Christum,
597 1992 676 2058 nihil
690 1992 730 2056 ab
745 2013 781 2058 eo
796 1995 829 2057 in
840 1991 1007 2079 phantasia
1020 1993 1137 2057 factum
1153 2013 1412 2076 commemorans,
1427 1999 1460 2056 ct

296 2093 456 2160 evidenter
475 2094 644 2162 ostendens
669 2096 752 2180 quod
776 2100 892 2160 veritas
915 2097 1046 2160 inimica
1065 2095 1211 2160 falsitatis
1234 2095 1348 2159 salsum
1367 2097 1402 2160 in
1424 2117 1458 2159 so

296 2197 374 2264 nihil
388 2200 514 2284 penitus
528 2198 644 2264 habere
659 2202 806 2284 potuerit,
825 2202 907 2264 sieut
926 2218 985 2263 neo
1005 2197 1060 2262 lux
1079 2200 1113 2262 in
1133 2219 1166 2262 se
1181 2199 1328 2263 tenebras
1342 2198 1459 2264 babere

296 2307 415 2387 potest,
430 2322 488 2367 neo
502 2301 679 2367 benedictio
699 2301 967 2382 maledictionem,
988 2307 1020 2366 et
1040 2304 1066 2364 si
1085 2304 1148 2366 ista
1167 2305 1363 2367 commisceri
1384 2323 1457 2387 pos-

296 2393 377 2486 sent,
393 2405 487 2471 deum
501 2411 606 2470 tamen
623 2405 728 2470 docuit
741 2405 904 2470 mendacio
920 2403 1113 2498 impossibile
1130 2425 1197 2469 esse
1213 2408 1348 2470 misceri.

171 2529 221 2582 esp.
235 2530 279 2571 nv.
360 2509 597 2586 Quintadecima
615 2508 753 2572 haeresis
780 2508 1020 2573 ¹Colorbasiana
1040 2529 1059 2571 a
1078 2507 1255 2573 Colorbasio
1278 2509 1457 2573 adinventa

296 2611 401 2676 Vitam
415 2633 540 2677 omnem
554 2611 716 2677 hominurn
730 2615 763 2675 in
779 2619 900 2698 septem
916 2611 1015 2675 stellis
1031 2631 1099 2675 esse
1111 2613 1243 2696 positam
1256 2610 1458 2676 adfirmabat:

297 2721 329 2780 et
349 2716 405 2780 has
429 2735 497 2780 osse
519 2721 640 2800 septem
660 2715 826 2796 eeclesias,
847 2721 879 2778 et
898 2721 1021 2799 septem
1040 2714 1228 2778 candelabra
1247 2735 1343 2778 aurea
1363 2737 1457 2780 oona·-

296 2820 387 2884 batur
401 2818 571 2882 adstruere.
607 2818 699 2883 Hunc
716 2825 842 2882 sanetus
863 2817 1042 2882 Theodotus
1063 2817 1100 2882 de
1122 2817 1272 2900 Pergamo
1292 2819 1458 2904 opiscopus

295 2922 404 2986 habita
418 2922 535 3004 synodo
548 2927 669 3006 septem
681 2923 897 3006 opiscoporum
908 2921 1192 3000 anathematizavit,
1207 2919 1323 2984 docens
1335 2927 1457 3006 septem

297 3023 445 3090 ecclesias
461 3027 493 3087 in
508 3025 682 3110 septiformi
697 3026 809 3108 spiritu
825 3030 1033 3088 consecratas.
1070 3022 1142 3088 Una
1155 3023 1255 3086 lorma
1270 3029 1329 3104 est,
1344 3025 1457 3108 inquit,

297 3147 368 3192 cum
387 3131 421 3191 in
439 3127 539 3191 forma
559 3146 652 3210 quam
670 3129 789 3211 primus
816 3127 907 3191 homo
932 3130 1080 3192 amiserat
1104 3135 1279 3204 revocatum
1306 3127 1456 3208 secunda,

297 3251 368 3295 oum
388 3229 607 3294 immaculatus
623 3231 675 3313 qui
696 3236 762 3292 erat
781 3234 928 3314 peccator
942 3229 1089 3306 officitur3
1109 3231 1217 3312 tertia,
1233 3251 1303 3294 cum
1318 3250 1358 3292 ex
1373 3235 1455 3294 terra

297 3353 408 3418 corpus
423 3338 579 3396 mortuum
594 3331 810 3410 suscitabitur3
833 3339 959 3416 quarta,
981 3353 1053 3396 cum
1066 3335 1172 3396 anima
1186 3331 1225 3396 de
1241 3332 1354 3396 inferni
1371 3332 1455 3396 olau-

297 3439 370 3501 stris
393 3437 525 3522 arritum
552 3437 676 3519 quinta,
704 3435 785 3519 quod
810 3438 916 3499 anima
942 3435 1078 3520 paradisi
1101 3433 1292 3500 habitatione
1313 3433 1456 3515 laetatur,

297 3559 456 3624 quousque
477 3557 589 3623 eorpus
611 3559 703 3602 suum
720 3538 954 3622 incorruptibile
978 3539 1123 3624 recipiat3
1149 3545 1252 3619 sorta,
1274 3537 1357 3620 quod
1376 3537 1456 3603 filios

296 3641 365 3706 2dci
380 3643 455 3706 lecit
469 3643 521 3725 qui
537 3647 626 3704 erant
640 3641 696 3704 lilii
710 3640 812 3718 Adae3
839 3642 987 3725 septima,
1009 3639 1091 3725 quod
1105 3639 1181 3706 lecit
1195 3641 1355 3706 hominem
1369 3642 1456 3723 regni

297 3743 454 3810 caelorum
469 3763 538 3808 esse
553 3745 746 3828 participem.
783 3743 848 3807 Has
868 3763 937 3807 esse
958 3745 1058 3808 saneti
1077 3745 1207 3829 spiritus
1227 3743 1342 3809 formas
1356 3746 1392 3808 in
1407 3765 1456 3810 se·

348 4051 409 4122 Cap.
421 4051 480 4106 XII.
492 4079 525 4090 -
539 4051 561 4104 1.
573 4047 796 4104 Evandrianorum
804 4048 877 4104 MSS.
887 4049 1010 4113 Remmia,
1022 4051 1098 4118 dap,
1112 4049 1223 4104 Ducena.
1241 4050 1315 4102 Haec
1323 4055 1380 4102 sori
1398 4061 1456 4104 tara

297 4129 355 4174 orla
367 4129 404 4172 eat
415 4121 446 4172 de
456 4123 587 4188 scripturo
600 4118 766 4182 Serendiani‚
778 4137 851 4184 quom
860 4137 926 4187 pers
938 4119 1204 4186 librorumduposn'oi
1212 4119 1341 4170 tueturDe
1376 4138 1456 4172 aues.

298 4207 362 4312 εἰει
372 4186 656 4326 lgmpjppsssgsndlani.
719 4185 743 4238 ἓ.
761 4187 799 4239 illi
816 4187 891 4256 quasi
907 4191 1007 4256 reponit
1022 4187 1044 4240 1.
1059 4185 1091 4240 Β.
1104 4185 1241 4240 Colelera'us
1253 4185 1326 4241 Eorl.
1343 4189 1389 4240 Gr.
1402 4189 1456 4241 Mo-

349 4341 411 4412 Cap.
423 4341 494 4396 Xlll.
510 4371 543 4382 -
565 4341 588 4393 l.
599 4341 767 4394 Ptolemaitae
782 4339 836 4393 MS.
855 4343 924 4409 dep.
937 4341 1104 4395 Ptolemeitas
1122 4343 1180 4396 edd.
1196 4341 1272 4394 Siras.
1290 4350 1314 4392 et
1332 4343 1455 4396 Gallard.

298 4409 466 4481 ptholomoite
477 4427 493 4463 a
504 4409 635 4480 ptolomeo
649 4409 724 4460 tabet
736 4411 790 4462 cod.
803 4427 847 4461 ma
859 4409 995 4465 Dunelwld.

349 4494 411 4613 Cap.
423 4495 482 4550 XV.
494 4525 528 4536 -
550 4495 572 4548 l.
585 4493 772 4548 Colobrasiana
786 4511 804 4546 a
820 4493 970 4548 Colobraslo
987 4495 1061 4552 MSS.
1074 4497 1200 4560 flemma,
1219 4497 1329 4550 Dauara.
1348 4506 1374 4550 st
1388 4499 1456 4566 deq.

300 4562 324 4616 2.
337 4563 378 4614 del
408 4564 466 4614 obet
477 4562 530 4616 MC
544 4564 611 4629 Any.
625 4562 673 4614 deo
685 4564 741 4614 edd.
753 4562 829 4618 Sirra.
842 4573 867 4614 et
879 4564 1001 4618 Collcod.
