3100 4980
1213 287 1274 352 391

122 440 269 495 mundicio
280 440 348 512 legis
360 439 483 505 eiusdem,
495 441 522 494 iu
533 437 783 494 csnssnecessitstis
792 437 834 490 rel
842 437 1002 508 privationis,
1014 437 1097 508 possit
1123 453 1199 492 ueros
1209 456 1274 492 non·

100 459 175 564 inm
185 515 260 563 netes
273 517 348 563 extra
359 517 461 562 uterum
476 509 546 562 intus
564 507 726 562 sanctificare
738 507 837 586 gratim
847 507 952 586 suae'bn
970 507 1056 570 tismo,
1068 453 1212 577 peiurtule
1222 509 1274 578 spi·

101 579 177 632 ritus
188 580 280 642 sancti,
292 584 324 630 nt
334 579 371 631 sit
383 578 509 631 lohannes
522 575 554 630 de
564 577 664 631 Gerson
675 591 786 628 sermon.
798 591 826 628 ro
837 575 938 627 nsfivrt
977 575 1046 627 ariae
1058 576 1167 643 virginis
1176 581 1241 645 part
1248 576 1273 636 3.

101 648 263 700 considerat
276 646 300 702 2.
313 647 358 700 Iol.
371 646 412 701 59.
429 647 495 700 Vere
506 645 587 727 igitur
598 645 688 698 scribit
699 645 820 698 hibertus
832 644 945 712 Magnus
958 641 1140 696 Rutisbonsns.
1152 644 1230 713 episc.
1241 644 1273 698 de

101 723 275 786 sacramento
287 714 457 768 eucharistiae
469 715 580 768 dhtmct.
592 713 635 768 VI.
651 717 725 766 tract.
738 711 761 766 2.
779 728 834 781 cap.
850 711 871 766 l.
902 713 952 763 Ille
968 717 994 762 in
1010 730 1056 782 quo
1073 712 1213 780 baptismus
1226 732 1274 765 nott

102 793 252 853 contemptu
263 786 401 852 relipa'onie,
413 785 459 836 sed
488 801 515 834 er
528 784 663 834 articulum
672 785 830 834 necessitatis
839 782 988 843 excluditur,
1000 799 1049 832 reon
1059 784 1154 832 amittit
1157 785 1274 848 fructum

102 855 241 922 baptismi,
249 855 296 904 sed
307 853 449 922 hupu'sctus
460 802 705 921 liptumoflcnrinis
717 854 743 902 in
754 853 847 918 spiritu
858 858 947 901 sancto
959 857 1100 918 reputatur.
1127 848 1151 899 T
1148 867 1197 900 unc
1209 853 1274 900 enim

102 921 477 1042 solsititium
488 920 987 1041 constituuntur
997 917 1273 1038 'clitumnus

101 1057 208 1111 hardus
219 1059 307 1110 hbbss
319 1057 470 1110 Cisrsevsll.
482 1052 557 1127 epis't.
569 1056 699 1110 LXXVII.
711 1055 743 1108 cd
754 1055 797 1108 Hu
817 1071 893 1107 onem
910 1054 941 1106 tle
954 1053 981 1108 S.
995 1054 1106 1106 Victore.
1135 1053 1272 1108 Dursndus

101 1127 156 1180 lib.
168 1125 211 1180 lV.
224 1127 336 1178 distinct
347 1126 390 1179 IV.
403 1125 533 1196 quaesti.
548 1123 616 1178 Geor
637 1126 677 1178 'us
689 1123 788 1177 Cassan
806 1140 833 1175 er
845 1123 876 1176 de
889 1123 1016 1204 baptismo
1026 1121 1163 1186 infantum,
1175 1123 1202 1176 in
1212 1141 1272 1176 eon·

104 1197 172 1248 snit.
186 1195 218 1247 sd
229 1194 420 1247 Fordinandnm
432 1194 497 1264 Imp.
511 1195 620 1247 articulo
665 1233 671 1244 .
683 1192 755 1262 poi.
768 1190 856 1245 iehan
864 1190 986 1246 Calvrmm
999 1193 1030 1244 de
1038 1191 1165 1262 baptismo
1178 1190 1271 1245 lib.lV.

105 1264 223 1316 institut
236 1279 292 1334 cap.
303 1263 361 1317 XV.
375 1265 389 1329 ξ
402 1263 444 1317 20.
457 1279 512 1333 esp.
524 1261 593 1315 XVI.
607 1264 622 1328 ξ
634 1260 675 1316 28.

163 1331 269 1384 Nullum
281 1329 493 1385 catechumenum
510 1326 590 1383 vitum
606 1335 739 1383 ueternum
756 1327 852 1382 habere
869 1327 1006 1397 cedimus]
1036 1327 1117 1381 Autor
1134 1327 1165 1380 de
1177 1328 1227 1381 lide
1239 1329 1272 1382 ad

106 1399 217 1453 Petrum
229 1400 373 1454 Diaconum
386 1415 443 1470 espa
452 1399 477 1454 3.
489 1399 534 1453 lol.
547 1399 602 1452 159.
625 1397 669 1450 Es
680 1399 724 1449 illo
736 1405 852 1468 tempore,
865 1415 911 1465 pue
922 1398 1038 1448 sulcator
1050 1405 1133 1448 noster
1145 1399 1223 1450 dicit.-
1242 1397 1272 1449 Si

106 1473 168 1538 quis
179 1478 342 1536 repenerctus
354 1487 403 1520 non
409 1472 494 1536 jussit
504 1485 534 1520 es
546 1487 562 1520 a
596 1487 614 1518 c
626 1475 651 1518 et
660 1469 765 1535 spiritu,
784 1483 833 1518 nun
847 1473 929 1534 polest
944 1469 1049 1518 introire
1061 1470 1087 1516 in
1099 1484 1202 1532 reprom
1215 1467 1270 1518 dei:

107 1537 205 1606 ahspuc
215 1545 374 1589 sacramento
387 1537 547 1606 baptismatis
567 1544 674 1604 praeter
685 1551 738 1596 eos,
756 1538 799 1603 qui
810 1538 837 1586 in
849 1533 1099 1586 ecclesiccatleolioo
1110 1537 1164 1585 sinc
1176 1536 1271 1603 baptis·

107 1613 179 1658 mute
185 1624 236 1674 pro
249 1605 348 1656 Christo
360 1609 506 1672 sanquinem
500 1605 637 1724 0Jsertdunt)
654 1620 699 1655 nec
711 1621 815 1669 scyrrum
832 1603 958 1658 caelorum
966 1610 1050 1722 potest
1059 1606 1189 1671 quisquam
1202 1607 1271 1656 ceci·

104 1691 180 1742 pere,
193 1691 238 1726 nee
249 1677 327 1724 ritum
340 1682 476 1726 aeternam.
520 1673 610 1740 yriIIuo
624 1671 848 1740 hierosolymitan.
857 1671 882 1724 3.
894 1677 965 1724 osteo
984 1686 1020 1722 es.
1032 1671 1170 1723 illuminat.
1181 1671 1271 1724 Hiero-

107 1743 204 1811 solym.
214 1758 241 1860 p.
251 1741 292 1794 61.
302 1743 356 1802 situ
369 1739 402 1810 μὴ
412 1737 474 1808 λάβῃ
486 1741 514 1792 r'u
528 1737 659 1810 βάπτισμα,
673 1739 794 1808 σωτηρίαν
807 1737 852 1790 οὐκ
864 1735 921 1808 ἔχει,
934 1737 997 1804 πλὴν
1010 1739 1084 1808 μόνον
1097 1739 1236 1808 μαρτύρων,
1249 1739 1271 1790 oi

108 1810 152 1862 καὶ
161 1827 216 1880 χωρ
227 1813 290 1869 croi
303 1809 391 1869 ὓδατος
404 1795 555 1878 λαμβάνουσι
567 1806 609 1874 τὴν
623 1807 753 1876 βασιλείαν.
770 1807 801 1859 Si
811 1811 866 1876 puis
877 1826 925 1860 non
937 1809 1094 1876 baptisatur,
1105 1809 1210 1859 salutem
1224 1825 1272 1859 non

107 1877 194 1940 hahet,
202 1889 309 1946 praeter
317 1880 382 1930 solos
391 1885 522 1944 martyres,
535 1881 578 1958 qui
588 1877 629 1928 vel
635 1880 689 1928 sine
698 1894 767 1944 apua
778 1893 856 1942 repro
866 1877 970 1928 coelesti
995 1879 1112 1930 eduntur.
1129 1874 1272 1930 Bemhsrdi

107 1947 240 2000 sententis
251 1947 396 2015 benignior,
407 1947 492 2016 magis
505 1961 575 1998 emm
584 1945 694 1998 inclinat
704 1943 736 1996 sd
749 1944 943 1997 humanitatem.
979 1963 994 1994 n
1006 1949 1106 2007 mutari,
1118 1945 1210 2014 [inquit
1218 1946 1272 2014 epi·

107 2015 179 2068 stols
190 2013 320 2067 LXXVII.
333 2014 365 2066 sd
376 2014 514 2084 Hugonem
526 2011 571 2068 fol.
584 2012 667 2082 1483.)
685 2022 769 2065 astute
785 2017 895 2082 quicquic
907 2014 1110 2080 postmulqotum
1126 2014 1214 2082 ubique
1227 2015 1270 2066 lra-

102 2087 199 2154 prisma·
209 2085 343 2135 remedium
355 2087 439 2135 renuit
448 2087 501 2135 ium
514 2083 654 2151 baptisari,
665 2083 782 2149 pencrcli
796 2082 965 2148 oriqinalique
981 2083 1097 2134 oraculas
1114 2084 1189 2134 addit
1206 2092 1229 2134 st
1241 2101 1271 2134 ss

104 2155 239 2222 proposito
251 2155 347 2202 crimen
357 2151 491 2220 superbiae
507 2152 631 2220 duplicem
647 2167 730 2200 aecum
744 2160 853 2218 portans
864 2153 1016 2202 turturinae
1028 2152 1199 2204 damnationis
1211 2169 1270 2203 cou-

107 2238 173 2282 scm,
185 2225 210 2272 si
219 2224 257 2272 sic
270 2221 301 2272 de
313 2237 418 2289 corpore
430 2223 499 2271 crire
511 2223 650 2286 conticuerit.
673 2217 696 2268 Τ
694 2237 766 2270 omen
778 2223 801 2270 ei
813 2227 871 2272 onte
884 2221 976 2270 scitum
988 2223 1135 2286 resipuerit,
1154 2230 1178 2272 et
1188 2221 1270 2272 uolue-

109 2293 154 2350 rit,
166 2299 190 2340 et
196 2291 304 2356 petierit
313 2288 449 2358 baptisari,
466 2289 512 2339 sed
522 2291 608 2340 mortis
615 2295 822 2356 proeoccupatus
834 2287 942 2338 articulo
952 2290 1023 2354 sorte
1037 2288 1147 2340 ohmnsrs
1157 2294 1270 2357 nequius·

108 2361 153 2418 rit,
166 2358 224 2408 dum
236 2374 284 2408 non
297 2358 363 2409 desit
366 2358 433 2424 fides
444 2365 530 2418 rectu,
547 2373 604 2436 spes
610 2359 669 2424 piu,
682 2353 799 2408 charitas
809 2357 924 2417 sincero,
938 2359 1067 2424 propitius
1082 2360 1118 2407 sil
1127 2355 1190 2408 milti
1202 2359 1270 2420 deus,

106 2441 229 2556 titiis
236 2423 461 2545 listtltlll
477 2425 1271 2562 tttmffitltfttittlt'titul-‘lllllitii}

108 2570 207 2613 tuntum
220 2564 244 2612 si
254 2579 348 2642 apuam
360 2579 407 2614 non
420 2571 512 2614 contem
532 2571 577 2622 tres,
589 2562 635 2612 sed
644 2561 699 2612 solo
712 2562 825 2625 (ursus)
832 2559 1173 2640 prohibeatimpossihilttos.
1192 2565 1270 2616 Acce·

108 2629 149 2682 dit
162 2629 315 2682 Ambrosius
333 2629 364 2682 de
381 2629 454 2682 obitu
471 2630 492 2682 V
519 2629 644 2682 entinismi
659 2627 724 2698 Imp.
740 2625 823 2680 adhuc
841 2626 1019 2682 ceteehumem
1035 2635 1097 2681 lom.
1106 2631 1137 2683 V.
1154 2630 1199 2685 iol.
1213 2630 1268 2690 112.

108 2699 198 2749 Audio
210 2715 252 2749 cor
264 2699 348 2750 dolere
359 2701 425 2768 quod
440 2717 487 2750 reon
502 2701 632 2766 occeperit
646 2707 810 2749 sacramenta
822 2696 989 2765 baptismatis.
1019 2697 1105 2750 Dicite
1117 2699 1191 2761 milti,
1208 2702 1271 2768 quid

109 2768 186 2818 uliud
197 2777 233 2818 est
243 2771 270 2818 in
282 2767 352 2818 uobis
364 2771 413 2818 nisi
424 2769 551 2828 uoluntas,
569 2769 620 2818 nisi
625 2769 724 2835 petitio.
753 2766 833 2832 Atqui
849 2766 940 2816 dicdum
957 2764 1004 2818 leuc
1021 2769 1073 2818 uoti
1084 2765 1174 2819 holuit
1183 2778 1211 2819 ut
1220 2771 1270 2820 ini·

108 2839 228 2888 timetur.
258 2833 319 2887 Non
334 2833 411 2888 tales
425 2853 484 2902 erpo
499 2838 613 2902 proriam
630 2851 704 2903 quum
722 2835 889 2894 desiderooit‚·
906 2851 954 2885 uon
971 2832 1047 2886 later
1058 2851 1131 2902 quom
1139 2840 1271 2904 poposcitl

108 2913 179 2956 certe
191 2907 251 2972 quic
260 2907 388 2972 poposcit,
404 2907 513 2972 accepit.
547 2901 617 2955 Unde
633 2911 670 2954 est
684 2902 762 2954 illud:
778 2904 858 2953 iuslus
869 2918 1014 2971 quocunque
1030 2911 1107 2954 morte
1114 2911 1270 2972 praecentus

101 2975 202 3040 suerit,
220 2975 307 3024 animo
324 2974 377 3022 eius
393 2975 421 3022 in
438 2974 573 3040 refriperio
590 2981 633 3022 est.
661 2969 734 3022 Soloe
749 2973 828 3037 iqitrm
840 2979 919 3038 poter
935 2979 1023 3022 soracte
1038 2988 1125 3022 rnunus
1136 2988 1207 3025 seruo
1220 2981 1269 3037 mo,

108 3041 177 3110 quod
185 3043 302 3108 poposcit
311 3055 396 3101 sortus,
408 3039 529 3100 robustus,
540 3039 678 3092 incolumis.
695 3037 726 3090 Si
737 3040 842 3107 affectus
854 3040 1014 3104 oeprimdine
1026 3041 1174 3104 distulisset,
1187 3050 1270 3094 tomen

109 3126 160 3161 raon
168 3111 269 3175 penitus
280 3127 298 3159 o
310 3119 353 3160 tua
364 3107 541 3188 mesericordia
554 3117 617 3159 esset
628 3107 733 3168 alienus,
745 3110 788 3175 qui
800 3106 929 3160 celeritate
942 3111 1071 3176 temporis,
1085 3126 1132 3160 nen
1144 3110 1269 3163 uoluntate

108 3174 417 3312 titillltnlt
429 3174 1270 3314 ltlttllttlit'ttlltltttz‘ltgltllttllt

109 3311 286 3366 catechumeni
296 3321 360 3374 sunt,
372 3329 420 3364 non
431 3319 590 3364 coronentur.
608 3309 668 3363 Non
679 3315 743 3362 enim
756 3321 917 3376 coronantur,
930 3316 954 3365 si
965 3331 1012 3364 non
1023 3317 1167 3367 initiantur.
1197 3316 1270 3375 Quod

107 3385 133 3432 st
144 3397 189 3432 suo
201 3380 336 3432 uoluuntur
345 3383 477 3448 scupuine,
489 3388 514 3434 et
524 3380 590 3431 lum
601 3397 649 3430 suo
659 3383 743 3446 pletas
752 3379 833 3431 obluit
843 3383 996 3436 etcolunlus.
1016 3381 1155 3451 Zuinglius
1164 3398 1216 3436 non
1226 3399 1268 3436 so·

107 3451 166 3502 lum
177 3446 383 3512 catechumenis,
401 3449 487 3518 quiin
504 3447 579 3500 bonis
592 3447 711 3528 operibus
723 3447 819 3500 mortui
830 3455 902 3512 sunt,
919 3465 1007 3503 verum
1023 3451 1102 3503 etiam
1118 3451 1267 3532 gentilibus,

128 3518 156 3570 ui
168 3515 273 3571 omnino
283 3514 413 3569 Christum
427 3517 432 3529 '
472 3523 585 3581 orarunt,
596 3523 677 3568 utrm
687 3522 818 3570 aeternam
830 3517 972 3586 pollicetur.
990 3518 1029 3572 lta
1041 3519 1110 3572 enim
1121 3537 1147 3573 m
1158 3521 1267 3590 exposit.

107 3535 172 3640 idei
184 3583 344 3638 Christianae
355 3584 399 3638 lol.
412 3531 470 3640 δῇ
488 3584 587 3655 Regem
600 3583 700 3638 Galliac
712 3585 862 3655 alloquitur:
883 3585 983 3637 Videtis
993 3591 1021 3638 tn
1033 3597 1137 3640 aeterna
1148 3594 1267 3642 smr'etals

108 3671 193 3707 omnes
203 3663 312 3715 torretes,
322 3657 387 3722 pios,
398 3657 635 3723 somersetentem,
647 3662 672 3706 el
682 3653 794 3705 hosustos
806 3653 926 3716 tornines,
943 3655 1031 3706 Adam
1036 3693 1044 3718 ‚
1062 3655 1162 3720 Enoch,
1180 3656 1266 3722 Noolt,

109 3721 254 3784 Atratum,
266 3720 377 3785 Petrum,
385 3721 502 3784 Paulum,
511 3721 653 3784 Herculem,
667 3721 793 3784 iheaeum,
801 3720 938 3784 Socratem,
948 3723 1096 3785 Aristidem,
1105 3725 1265 3790 Ascensum,

108 3789 230 3852 Numam,
243 3787 384 3852 Camillum,
398 3788 504 3842 Gotones
517 3799 541 3843 et
550 3789 687 3858 Scipiones.
706 3789 775 3843 Haec
787 3790 853 3844 mim
864 3797 936 3854 sont,
953 3789 1015 3844 hsce
1031 3807 1099 3844 nors
1115 3799 1185 3856 sunt,
1201 3791 1265 3848 hseu

106 3859 178 3913 iales
189 3863 258 3912 sunt.
287 3857 355 3910 Mire
365 3863 512 3928 stupemus,
524 3863 593 3911 nors
604 3873 737 3921 essemus,
749 3857 816 3911 islsa
825 3859 997 3928 repudiamus.
1027 3859 1164 3928 Augustis.
1176 3867 1266 3916 contrs

107 3927 238 3982 immun
249 3924 419 3996 Pelsgisnum
430 3927 474 3979 lib.
486 3925 510 3979 3.
523 3943 552 3980 ce
572 3967 578 3979 .
590 3925 614 3980 3.
628 3925 672 3980 iol.
684 3925 741 3978 676.
759 3926 873 3988 Petruss
892 3926 924 3979 ud
935 3926 1092 3980 Clementem
1101 3928 1265 3995 (citanteOri-

108 3993 390 4066 gensinhistthueum
402 4009 456 4066 cap.
466 3943 570 4048 XXV?
577 3999 650 4048 tract.
664 3993 776 4048 XXXV.
788 3993 832 4048 tol.
847 3943 914 4060 lli.)
946 3995 1029 4064 Opera
1046 3997 1109 4048 bonu
1159 4016 1189 4049 us
1199 4000 1267 4066 fiunt

109 4071 144 4118 ao
159 4063 301 4132 infidelibus
317 4068 344 4114 in
361 4063 408 4116 loc
425 4065 508 4115 seculo
523 4065 576 4116 illis
591 4071 706 4132 prosunt,
725 4081 773 4116 non
790 4071 815 4114 el
828 4066 855 4114 in
872 4065 915 4115 illo
928 4065 964 4116 ad
981 4015 1175 4132 consequemidm
1187 4071 1264 4119 ritum

109 4139 248 4186 arissam.
267 4129 330 4183 Vide
342 4129 513 4184 Athanasium
525 4131 556 4184 sd
570 4129 724 4184 Antiochum
741 4135 839 4200 quaest.
853 4129 880 4184 C.
896 4131 939 4183 iol.
951 4129 1008 4184 303.
1021 4136 1081 4185 lom.
1095 4131 1118 4186 2.
1141 4134 1264 4202 Augusti·

108 4215 173 4254 uum
185 4199 212 4252 in
224 4198 317 4252 Psalm.
331 4197 431 4253 XXXI.
445 4206 471 4253 et
482 4199 585 4253 LXVII.
615 4199 711 4252 Contra
727 4197 854 4252 lulianum
870 4197 1040 4268 Pelagisuum
1057 4201 1100 4256 lio.
1113 4200 1156 4256 IV.
1170 4218 1224 4272 cap.
1238 4201 1262 4256 3.

108 4269 142 4322 de
154 4267 239 4337 gratis
250 4265 344 4320 Christi
361 4275 450 4322 contrs
465 4267 599 4339 Pelagium
617 4275 643 4320 et
654 4267 827 4321 Caelestinum
844 4267 886 4320 lib.
895 4267 915 4320 l.
929 4283 983 4338 cap.
995 4268 1091 4323 xxvi.
1122 4267 1263 4341 Georgium

109 4335 285 4391 Cassandrum
296 4336 323 4389 in
335 4337 470 4389 consultet.
483 4337 582 4390 srticm.
596 4336 624 4388 V.
636 4353 661 4405 p.
670 4333 704 4389 38
716 4335 746 4388 de
760 4336 878 4406 operibus
889 4335 1034 4406 impiorum.

159 4402 275 4474 Excepto
286 4405 421 4474 martyrio,
434 4405 479 4458 ubi
489 4412 545 4458 tota
557 4405 679 4475 baptismi
691 4410 851 4458 sacramento
862 4405 1033 4475 complentur]
1062 4405 1163 4474 Dogms
1174 4407 1204 4460 de
1217 4407 1260 4462 bs-

107 4473 205 4544 ptismo
217 4473 352 4540 sanguinis
364 4479 438 4526 setus
450 4479 498 4537 est,
510 4473 583 4526 cuius
595 4473 675 4526 etism
686 4473 804 4526 meminit
815 4471 932 4526 Clemens
944 4473 1079 4530 Constitut.
1087 4477 1173 4545 Apost
1181 4477 1224 4532 lib.
1230 4477 1259 4532 V.

110 4555 167 4612 esp
178 4540 210 4596 V.
226 4539 399 4596 Tertullianus
415 4539 446 4596 de
468 4541 597 4613 baptismo
614 4557 670 4613 esp.
682 4541 753 4598 XVI.
775 4542 802 4596 in
824 4541 961 4614 Scorpisoo
984 4543 1104 4600 odoenus
1124 4541 1260 4603 Gnosticos
