3120 4994
293 305 357 372 300
519 305 809 350 emmo-meorum
821 306 1221 351 moremusnruannusmna

294 464 443 529 aientium
454 465 630 530 coitionem.
651 463 1232 530 Etadoonlirmandamlhuiusoemodi
1243 467 1455 552 impietatem,
1539 491 1541 538 r

295 587 372 651 quae
388 565 481 632 deum
496 569 609 632 asserit
623 589 642 632 a
656 588 713 633 sna
725 587 850 632 versum
865 573 987 650 natura,
1003 573 1117 652 cogunt
1131 568 1341 652 evangelistae
1354 569 1453 632 tash'-

293 671 432 735 monium
445 670 590 752 dicentis,
604 670 644 734 Et
657 673 787 736 verbnm
801 691 872 736 earo
884 671 1000 736 laetum
1012 677 1074 750 est;
1090 671 1172 755 quod
1183 674 1228 734 ita
1237 673 1454 756 interpreten—
1543 681 1545 727 l

227 797 231 804 ·
293 779 358 836 tur:
372 771 487 836 Divina
500 777 611 838 natura
625 775 659 836 in
672 773 842 852 humanam
855 793 948 838 versa
961 780 1017 838 est
1054 772 1097 837 ⁶0
1113 773 1313 838 abolitionem
1333 771 1380 836 illi
1396 775 1454 836 in-
1544 734 1547 803 l

292 873 431 940 violabili
444 873 689 961 'impingentem
700 875 909 941 substantiae!
931 877 1031 940 Huius
1041 876 1211 961 impietatis
1226 876 1383 940 ⁸initiator
1392 871 1454 938 'Ii-

293 977 452 1061 motheus,
472 977 555 1064 apud
573 977 682 1044 Bizam
700 977 883 1063 ⁹Bithyniae
902 977 994 1044 modo
1010 979 1138 1042 exulans
1154 979 1330 1059 civitatem,
1349 980 1454 1042 eonti-

293 1082 399 1145 nentis
414 1085 446 1144 et
459 1081 620 1165 religiosae
635 1082 718 1146 vitae
734 1081 898 1165 ¹⁰imagIna
912 1081 1021 1146 multis
1036 1081 1147 1146 illudit.

148 1176 199 1228 ⁰¹*
211 1175 279 1218 ¹¹⁴³·
357 1181 540 1249 Bonosiaei⁸
554 1201 573 1248 a
586 1183 707 1250 Bonoso
723 1183 857 1270 quodam
872 1185 1017 1270 episcopo
1029 1183 1212 1270 produntur,
1228 1185 1281 1268 qni
1293 1182 1456 1249 Christum

296 1285 395 1350 filium
410 1285 461 1350 dei
475 1287 666 1373 adoptivum,
680 1308 743 1352 non
759 1287 930 1373 proprium,
944 1293 1097 1352 esserunt.

137 1382 188 1434 ⁰⁸⁹·
200 1381 278 1424 Μ
358 1387 528 1474 Aeephali⁸
542 1388 634 1472 dieti,
655 1389 688 1454 id
707 1396 756 1454 eet
775 1390 843 1454 sino
864 1391 965 1475 eapite
986 1409 1079 1474 quem
1099 1395 1271 1474 sequnntur
1290 1388 1452 1454 haeretiei.

295 1491 407 1558 Nullus
427 1493 511 1556 enim
530 1511 637 1558 eorum
658 1495 810 1577 reperitur
830 1499 936 1557 auotor
954 1514 975 1556 a
993 1512 1054 1576 quo
1068 1495 1167 1558 exorti
1182 1498 1264 1556 sunt.
1300 1493 1343 1556 lli
1357 1491 1454 1556 trium

296 1592 599 1659 chalcedonensium
624 1595 830 1679 capitulorum
855 1597 1086 1680 impugnatores
1112 1596 1243 1660 duarum
1267 1596 1302 1658 in
1327 1594 1453 1659 Christo

296 1696 540 1762 substantiarum
554 1699 775 1784 proprietatem
790 1704 915 1782 negant,
930 1705 962 1762 et
974 1718 1071 1762 unam
1084 1697 1118 1762 in
1133 1699 1199 1762 eius
1210 1717 1347 1783 persona
1360 1702 1453 1761 natu·

296 1821 364 1865 ram
378 1799 570 1885 praedicant.

141 1913 192 1966 ven
205 1911 280 1957 ffli-
359 1901 568 1968 Theodosioni
582 1909 614 1967 et
629 1903 809 1968 Gaianitae¹
823 1902 970 1990 appellati
984 1923 1004 1966 a
1017 1902 1192 1968 Theodosio
1208 1908 1241 1966 et
1255 1903 1385 1983 Gaiano,
1400 1901 1455 1986 qni

295 2004 488 2091 temporibus
501 2005 667 2070 Iustiniani
689 2007 840 2092 principis
858 2005 892 2070 in
908 2005 1097 2070 Alexandria
1115 2005 1222 2091 populi
1236 2005 1373 2090 perversi
1389 2003 1455 2068 ele-

297 2109 398 2174 ctione
413 2127 475 2172 uno
491 2107 541 2172 die
557 2113 631 2174 eunt
645 2107 779 2174 ordInati
794 2110 943 2194 episcopi.
965 2107 1006 2172 Hi
1022 2109 1133 2172 erroris
1149 2107 1313 2192 ²Iiutyehis
1329 2109 1362 2171 et
1375 2105 1456 2170 Dio·

298 2212 379 2276 eeori
407 2216 573 2294 sequentes
603 2211 857 2276 chalcedonense
884 2209 1050 2276 eonoilinm
1075 2216 1239 2296 respuunt,
1267 2231 1305 2273 ex
1332 2207 1457 2274 duabus

294 2331 391 2378 unam
405 2315 439 2378 in
454 2313 576 2378 Christo
591 2321 735 2380 naturam
748 2319 907 2396 asserunt,
927 2333 1020 2398 quam
1035 2312 1244 2379 Theodosiani
1265 2316 1457 2397 comptam,

297 2417 687 2502 Gaianitaaineorruptam
702 2416 904 2482 contendunt.
1454 2483 1459 2500 ,

151 2514 203 2567 ⁰⁸⁸·
216 2513 279 2558 ΠΝ·
360 2517 528 2602 ¹Agnoitae
545 2523 577 2582 et
590 2517 780 2584 Tritheitee‘
794 2541 813 2582 a
827 2518 1168 2584 Theodosianis'exorti
1183 2523 1272 2600 sunt,
1287 2538 1326 2582 ex
1341 2518 1457 2602 quibus

296 2620 467 2705 'Agnoitae
481 2622 521 2687 ab
536 2621 713 2704 ignorantia
728 2621 820 2703 dieti,
839 2623 913 2705 quia
932 2623 1129 2705 perversitati
1148 2643 1168 2684 a
1186 2639 1247 2704 qua
1266 2623 1366 2686 exorti
1381 2625 1460 2686 sunt

296 2724 330 2790 id
344 2723 507 2805 adiiciunt,
522 2724 605 2808 quod
620 2723 736 2788 Christi
752 2723 899 2788 divinitas
911 2723 1032 2807 ignoret
1043 2723 1148 2790 lutura
1157 2743 1236 2808 quae
1252 2730 1327 2787 sunt
1338 2724 1460 2807 scripta

297 2827 335 2892 de
359 2826 409 2891 die
432 2831 465 2890 et
486 2826 562 2892 hora
583 2828 769 2908 novissima,
795 2845 853 2890 nee
876 2825 1074 2892 recordantes
1097 2825 1212 2892 Christi
1234 2845 1399 2912 personam
1422 2827 1460 2888 in

296 2929 406 2995 Esaial
421 2929 593 3013 loquentis,
614 2929 689 2994 Dies
704 2929 813 2994 iudioii
832 2929 867 2994 in
882 2929 974 2994 corde
989 2949 1068 2994 meo.
1105 2927 1296 2992 ⁸Tritheitae
1310 2949 1384 2993 vero
1397 2947 1458 2991 vo-
1550 2953 1551 2964 ¹

299 3035 360 3097 eati
372 3032 454 3118 qnod
466 3033 549 3096 siout
558 3037 623 3096 tres
634 3052 784 3118 personas
796 3031 830 3096 in
840 3033 991 3114 trinItate,
1005 3031 1068 3116 fita
1079 3051 1201 3116 quoqne
1212 3038 1277 3096 tres
1290 3031 1460 3096 adstruunt

298 3135 473 3216 demessa,
493 3131 602 3199 eontra
619 3134 698 3200 illud
718 3135 800 3219 quod
815 3134 968 3220 seriptum
987 3139 1049 3217 est,
1069 3133 1151 3198 Audi
1166 3133 1296 3218 israele,
1311 3131 1459 3198 dominus

298 3236 375 3303 deus
389 3241 462 3302 tuus
477 3236 554 3301 dens
568 3257 649 3302 unns
665 3242 723 3301 est.

358 3339 441 3406 Sunt
452 3345 484 3404 et
495 3339 589 3404 aliae‘¹
602 3340 747 3405 haereses
761 3341 830 3404 sine
840 3346 966 3406 auowre
977 3344 1011 3404 et
1022 3342 1089 3404 sine
1102 3338 1282 3406 nominibus
1296 3337 1459 3424 exquibus

297 3443 376 3508 aliae
384 3444 559 3508 triformem
565 3449 678 3528 putant
690 3461 758 3507 esse
771 3442 889 3525 usum,
902 3443 980 3508 aliae
989 3441 1105 3508 Christi
1118 3441 1313 3508 divinItatem
1320 3441 1457 3528 passibi-

298 3547 360 3612 lem
375 3545 497 3628 dlonnt,
512 3545 591 3610 aliae
608 3546 724 3610 Christi
739 3543 778 3610 de
793 3552 880 3632 patre
895 3545 1052 3610 nativitati
1066 3545 1192 3610 initium
1206 3545 1358 3631 temporis
1373 3545 1459 3610 dant

347 3663 372 3717 5.
383 3663 531 3716 huiusmodi
542 3665 581 3718 ed.
597 3663 690 3737 Beoed,
715 3663 738 3718 6.
752 3663 785 3717 ob
797 3664 963 3717 abolitionem
975 3663 1041 3717 Meo.
1060 3663 1084 3718 7.
1097 3663 1271 3784 impinpantes
1284 3663 1352 3714 Mea
1374 3661 1398 3718 8.
1410 3663 1459 3715 ini-

297 3733 374 3786 tiator
386 3751 438 3800 epo.
450 3732 566 3784 iniliatur
575 3731 641 3783 Men.
653 3731 756 3786 initium
766 3735 798 3785 ed
807 3733 901 3786 Bened.
919 3733 943 3785 9.
955 3731 1083 3786 Bithiaiee
1095 3731 1162 3784 Meu.
1202 3731 1228 3784 0.
1236 3733 1380 3802 imaginem
1391 3730 1459 3784 lien.

348 3799 409 3872 Cap.
421 3799 512 3854 XLIV.
524 3831 558 3840 —
572 3800 593 3852 1.
606 3799 756 3880 Eutpobetis
770 3801 839 3852 aliea

348 3868 410 3940 Cap.
423 3861 503 3922 XLV.
516 3899 550 3908 —
564 3869 585 3920 1.
599 3867 961 3924 GnortaeetTritoitaeMen.
1012 3867 1238 3922 adnotasset.
1290 3867 1315 3922 3.
1328 3867 1458 3922 Tritoitae
1550 3833 1551 3866 l

299 3938 367 3992 Meo.
417 3937 481 3990 tiu
494 3937 676 4008 quoqueMeo.
727 3936 752 3991 5.
766 3937 843 3990 deum
856 3937 1088 3991 edidiealae'doro.
1102 3935 1233 3990 Christum
1244 3936 1313 3990 Mea.
1550 3951 1551 3964 ¹

331 4039 395 4112 Cap.
406 4039 487 4092 XLII.
500 4071 533 4080 -
550 4055 574 4094 a.
586 4037 726 4092 Bonoeiaer
755 4038 853 4092 Eadem
902 4039 1009 4108 ionitae]
1022 4039 1119 4092 lladem
1128 4039 1220 4092 iisdem
1229 4039 1314 4092 verbis
1322 4038 1403 4092 refert
1411 4037 1457 4092 lai·

296 4105 723 4182 legunturapudlsidor.01igg.l⁷
762 4105 852 4172 ,5,52.
905 4108 959 4160 dor.
973 4105 1063 4230 Oripp.
1075 4105 1142 4214 Vll-l,
1153 4107 1178 4172 5,
1190 4107 1259 4190 67.Ι
1388 4177 1394 4190 ι
1440 4176 1459 4216 '-

675 4207 728 4262 hali
761 4209 851 4264 lapdon
938 4175 1023 4297 Cep⁸⁴
1060 4176 1090 4230 V.
1141 4174 1448 4245 a.hgnortaeet'l'nther

298 4209 550 4350 edildrida}
563 4211 750 4332 iasiiiaal
768 4277 853 4368 vau
904 4251 945 4364 pr
964 4353 970 4378 ‚
982 4244 1072 4377 gip?
1085 4245 1208 4314 aguas
1222 4245 1290 4315 a12¹¹d
1299 4243 1359 4296 su
1369 4243 1457 4315 ⁰¹²'ee-
1550 4329 1551 4342 a

298 4353 678 4485 ilittlilui‘lilids'
703 4345 852 4480 diffidit
938 4381 962 4500 l
978 4380 1404 4514 irretetis-ui.

299 4483 763 4554 quamquamreperinnturinseriptis
772 4483 853 4535 libris.
939 4517 963 4570 d·
982 4451 1163 4585 suntetaliag]
1174 4517 1372 4588 Haemum
1380 4518 1457 4573 finem

334 4583 396 4656 Cap.
407 4581 498 4639 xtiv.
509 4613 541 4624 -
550 4600 573 4636 a
584 4583 758 4638 Theodosiani
766 4588 792 4638 et
802 4583 853 4638 (ia-
904 4583 983 4638 habat
993 4585 1083 4642 isidor.
1095 4585 1185 4656 Origg.
1197 4581 1264 4650 VIII,
1275 4586 1299 4652 5,
1312 4585 1353 4640 69.

779 4757 980 4772 *υ*-
