3120 4994
577 309 813 371 numeremur.
1214 307 1276 376 307

177 471 229 536 39.
253 469 413 536 unuani·
425 469 464 535 ab
479 470 572 536 Atrio
588 467 721 556 quodam
737 465 909 554 nuncupati
923 471 1006 532 sunt
1043 463 1084 530 lli
1099 463 1210 530 olierre
1225 483 1276 528 aa·
1344 496 1349 509 ·

94 574 268 640 orificium
282 593 338 660 pro
354 573 510 638 delunotis
526 579 688 659 spernunt

177 677 229 742 40.
251 678 376 744 Attiani
391 677 430 742 ab
444 677 535 742 aetio
551 682 625 741 sunt
638 676 751 740 voeati.
772 673 933 758 iidemque
947 671 1145 755 Eunomiaui,
1159 670 1199 736 ab
1213 670 1277 737 Eu·

94 782 219 846 nomio
236 779 370 866 quodam
385 779 564 862 dialectieo,
584 779 668 844 Attii
684 777 854 863 discipulo,
876 797 914 841 ex
929 777 1016 842 ouius
1036 776 1163 842 nomine
1177 776 1277 857 magu

95 886 332 964 innotuerunt,
355 881 541 948 dissimilem
562 882 645 968 patri
667 887 843 946 asserentes
865 879 965 945 filium
988 883 1020 943 et
1041 877 1104 944 fllio
1132 879 1277 964 spiritum

95 993 269 1052 sanctum.
283 985 401 1051 Dicunt
408 987 503 1050 etiarn
511 985 631 1050 nullum
639 986 957 1071 imputaripeooatum
965 979 1276 1047 iulidemenentium.

178 1089 230 1152 41.
253 1087 433 1172 Origeniaui
454 1087 494 1153 eb
511 1087 643 1172 Origene
664 1093 790 1152 auotore
811 1087 911 1151 exorti
926 1091 1017 1166 sunt,
1038 1085 1178 1150 dieentes
1194 1081 1277 1169 quod

97 1211 178 1256 non
194 1191 294 1276 possit
307 1191 390 1256 filius
404 1191 511 1256 videre
526 1197 664 1278 patrem,
684 1209 742 1255 neo
763 1189 892 1276 spiritus
908 1193 1037 1254 sanetus
1052 1186 1160 1252 filium.
1197 1187 1277 1251 Aui-

97 1313 184 1358 mae
200 1313 320 1378 quoque
335 1297 369 1359 in
382 1293 493 1360 mundi
508 1293 661 1380 principio
678 1293 787 1358 dicunt
801 1311 964 1378 peoeasse,
979 1297 1011 1356 et
1025 1313 1080 1378 pro
1097 1289 1277 1356 diversitate

99 1402 314 1482 peccatorum
328 1396 366 1461 de
382 1395 477 1461 caelis
491 1417 590 1481 usque
606 1396 646 1460 ad
660 1401 760 1462 terres
776 1395 899 1460 diversa
909 1412 1038 1482 eorpora
1049 1396 1139 1480 quasi
1152 1391 1279 1458 vineula

100 1501 279 1580 meruisse,
294 1519 390 1584 eaque
406 1519 501 1563 eausa
516 1499 632 1564 laetum
646 1499 743 1564 inisse
758 1495 920 1563 mnndum.

179 1602 231 1666 42.
252 1601 386 1668 Noitani
401 1623 420 1666 a
435 1601 570 1686 quodam
584 1601 683 1668 Noito
698 1603 811 1683 vocati,
827 1603 880 1686 qui
892 1599 1018 1665 dioebet
1029 1598 1187 1664 Christum
1199 1617 1277 1663 eun-

104 1703 189 1769 dem
204 1711 236 1768 et
249 1709 371 1790 patrem
386 1711 418 1768 et
433 1706 579 1790 spiritum
598 1709 758 1787 sanetum,
777 1706 940 1790 ipsamque
959 1704 1135 1768 trinitatem
1154 1703 1187 1766 in
1208 1701 1277 1766 orfi-

104 1809 236 1872 ciornm
251 1807 446 1890 nominibus,
468 1827 531 1872 uon
546 1809 580 1871 iu
594 1809 754 1892 personis,
773 1809 941 1894 aooipiunt.
963 1803 1055 1872 Unde
1071 1811 1104 1870 et
1117 1804 1277 1890 Patripae·

105 1911 198 1974 sinui
213 1915 375 1992 vocantur,
390 1911 463 1993 quia
476 1915 597 1997 patrem
612 1931 741 1996 passum
757 1909 875 1974 dieunt.

179 2011 232 2076 43.
255 2011 427 2077 Sabelliani
442 2012 481 2077 ab
498 2013 608 2098 eodem
624 2013 721 2078 Noito
736 2011 920 2098 pullullasse
937 2011 1098 2094 dicuntur,
1119 2013 1208 2076 ouius
1229 2009 1278 2075 di-

107 2113 274 2200 scipulum
287 2115 454 2201 perhibent
468 2115 564 2180 fuisse
580 2115 761 2198 Sabellium,
776 2135 815 2179 ex
830 2116 919 2180 ouius
934 2115 1059 2180 nomine
1074 2117 1209 2180 manime
1228 2116 1279 2178 iu·

106 2223 294 2284 notuerunt.
316 2215 407 2283 Unde
424 2223 455 2281 et
470 2217 640 2283 Sabelliani
653 2220 757 2283 vocati
772 2223 857 2282 sunt.
880 2217 921 2282 Hi
935 2237 1031 2282 unam
1045 2237 1211 2304 personam
1222 2237 1278 2302 pa·

108 2323 174 2386 tris
190 2327 222 2384 et
236 2319 293 2384 filii
308 2325 340 2383 et
354 2321 482 2405 spiritus
498 2322 599 2384 saneti
613 2326 765 2385 astruunt.

179 2422 230 2488 44.
253 2421 362 2486 Ariani
374 2421 413 2487 ab
425 2421 636 2488 Alexandrino
648 2423 829 2510 presbytero
842 2424 902 2488 orti
914 2429 998 2506 sunt,
1014 2425 1067 2508 qui
1080 2428 1279 2490 ooaeternum

109 2527 199 2612 patri
214 2523 313 2590 lilium
327 2545 392 2590 nou
410 2545 583 2608 agnoscens
607 2525 745 2591 diversae
766 2527 800 2590 in
820 2527 961 2590 trinitate
982 2527 1176 2596 substantias
1192 2545 1278 2590 asse·

109 2627 189 2710 ruit,
205 2634 315 2692 eontra
327 2625 406 2692 illud
421 2627 504 2712 quod
519 2629 577 2692 eit:
594 2627 687 2712 1²ligo
703 2635 735 2692 et
749 2635 839 2714 pater
852 2647 950 2693 uuum
966 2649 1083 2693 sumus.

179 2729 231 2794 45.
257 2729 476 2796 Macedoniani
502 2752 521 2794 a
548 2730 730 2796 Macedonio
759 2729 1102 2817 Constantinopolitano
1128 2733 1279 2818 episeopo

111 2833 193 2899 dieti
208 2838 292 2914 suut,
306 2839 456 2916 negantes
472 2833 565 2898 deum
581 2853 650 2898 esse
666 2835 810 2919 spiritum
826 2839 979 2898 sanetum.

180 2935 230 3000 46.
253 2934 496 3021 Apollinaristae
512 2935 552 3001 ab
563 2935 742 3023 Apollinare
753 2938 855 3002 vocati
867 2943 953 3020 sunt,
968 2935 1108 3002 dieentes
1121 2935 1279 3004 Christum

112 3059 229 3124 eorpus
244 3038 458 3103 tantummodo
474 3041 542 3104 sine
558 3040 663 3104 anima
678 3041 864 3125 suscepisse.

179 3141 230 3204 47.
254 3139 530 3208 Antidioomaritee
551 3141 628 3208 dieti
648 3147 723 3206 sunt
742 3163 797 3230 pro
817 3163 854 3207 eo
875 3141 958 3226 quod
971 3141 1088 3208 Mariae
1106 3145 1280 3227 virginitati

113 3241 351 3326 contradicunt,
370 3249 546 3309 asserentes
561 3265 629 3308 eam
644 3251 717 3330 post
731 3245 890 3310 Christum
904 3251 1014 3311 natum
1027 3247 1094 3313 viro
1111 3267 1167 3311 suo
1183 3247 1279 3311 luisse

113 3347 327 3412 commixtam.

180 3449 231 3512 48.
254 3448 542 3532 hletangiemonitae
557 3449 626 3516 ideo
640 3449 704 3516 tale
719 3469 835 3516 nornen
850 3457 1052 3538 eooepemnt,
1073 3455 1146 3538 quia
1161 3453 1278 3518 Craeoe

113 3549 212 3642 ἄγγος
225 3571 280 3616 vas
297 3551 419 3617 dieitur.
441 3553 596 3618 Aesernnt
610 3555 695 3619 enim
709 3555 755 3618 sio
770 3574 839 3618 esee
854 3555 888 3618 in
902 3559 989 3638 patre
1005 3554 1115 3639 filium,
1129 3561 1280 3640 tanquam

114 3673 173 3718 vas
187 3655 292 3718 minus
306 3657 390 3718 inter
403 3675 459 3720 ves
473 3657 586 3721 maius.

180 3756 232 3820 49.
253 3757 423 3822 Patrioiani
437 3779 456 3821 a
470 3757 606 3842 quodem
619 3757 754 3823 Patrioio
770 3759 941 3844 nuncupati
952 3766 1042 3844 eunt,
1062 3761 1116 3846 qui
1130 3761 1278 3828 substen-

114 3861 195 3924 tiam
208 3857 362 3924 humanae
378 3861 481 3924 earnis
497 3882 515 3924 a
530 3859 653 3926 diabolo
669 3859 828 3926 eonditum
842 3861 960 3926 dieunt.

182 3961 232 4026 50.
256 3959 433 4028 Colnthiani
448 3963 616 4049 aquodam
637 3961 768 4028 Colutho
786 3965 955 4046 nominati,
975 3967 1029 4049 qui
1051 3964 1161 4030 dieunt
1186 3966 1280 4032 deum

116 4083 186 4130 non·
196 4064 299 4130 faeere
313 4065 410 4148 malo,
431 4073 539 4131 contra
558 4063 635 4131 illud
650 4065 732 4152 quod
748 4067 899 4151 seriptum
914 4072 977 4130 est:
998 4065 1090 4151 ¹³ligo
1106 4085 1176 4134 sum
1191 4067 1280 4154 deus,

116 4187 228 4233 ereans
243 4167 334 4232 mala

182 4269 232 4334 51.
255 4269 389 4338 Floriani
411 4293 430 4334 a
450 4267 592 4352 hieriho,
618 4273 671 4356 qui
694 4291 711 4336 e
734 4272 886 4335 contrario
910 4269 1003 4337 deum
1026 4271 1136 4338 dieunt
1156 4293 1279 4340 oreasse

118 4373 210 4454 mala,
225 4378 334 4438 eontra
347 4373 382 4438 id
397 4373 479 4458 quod
494 4373 646 4459 seriptum
661 4379 724 4438 est:
740 4372 857 4438 1⁴Fecit
870 4371 946 4438 deus
961 4377 1068 4441 omnia
1081 4375 1174 4443 hona.

172 4593 211 4646 11.
229 4591 553 4664 repositamobattto.
592 4583 783 4664 ratolfum.
821 4593 1127 4738 raurunvphm
1141 4595 1279 4664 (hembil.
