<?xml version="1.0" encoding="UTF-8"?>
<!DOCTYPE html PUBLIC "-//W3C//DTD XHTML 1.0 Transitional//EN"
    "http://www.w3.org/TR/xhtml1/DTD/xhtml1-transitional.dtd">
<html xmlns="http://www.w3.org/1999/xhtml" xml:lang="en" lang="en">
 <head>
  <title>
</title>
<meta http-equiv="Content-Type" content="text/html;charset=utf-8" />
  <meta name='ocr-system' content='tesseract 3.04.00' />
  <meta name='ocr-capabilities' content='ocr_page ocr_carea ocr_par ocr_line ocrx_word'/>
</head>
<body>
  <div class='ocr_page' id='page_1' title='image "./corporishaerese04oehlgoog_0125.png"; bbox 0 0 3122 4990; ppageno 0'>
   <div class='ocr_carea' id='block_1_1' title="bbox 237 239 876 315">
    <p class='ocr_par' dir='ltr' id='par_1_1' title="bbox 237 239 876 315">
     <span class='ocr_line' id='line_1_1' title="bbox 237 239 876 315; baseline -0.003 -31"><span class='ocrx_word' id='word_1_1' title='bbox 237 244 297 315; x_wconf 69' lang='lat'>102</span> <span class='ocrx_word' id='word_1_2' title='bbox 726 239 876 298; x_wconf 76' lang='lat' dir='ltr'>rmutarar</span> 
     </span>
    </p>
   </div>
   <div class='ocr_carea' id='block_1_2' title="bbox 100 395 1511 2238">
    <p class='ocr_par' dir='ltr' id='par_1_2' title="bbox 235 395 1406 1930">
     <span class='ocr_line' id='line_1_2' title="bbox 236 395 1406 483; baseline 0 -17"><span class='ocrx_word' id='word_1_3' title='bbox 236 401 399 466; x_wconf 90' lang='lat' dir='ltr'>dominum</span> <span class='ocrx_word' id='word_1_4' title='bbox 419 399 648 483; x_wconf 77' lang='lat' dir='ltr'>cogitaverant,</span> <span class='ocrx_word' id='word_1_5' title='bbox 667 397 829 466; x_wconf 82' lang='lat' dir='ltr'>subtracta</span> <span class='ocrx_word' id='word_1_6' title='bbox 847 403 897 464; x_wconf 87' lang='lat' dir='ltr'>est</span> <span class='ocrx_word' id='word_1_7' title='bbox 917 395 981 464; x_wconf 90' lang='lat' dir='ltr'>illis</span> <span class='ocrx_word' id='word_1_8' title='bbox 1000 399 1135 466; x_wconf 83' lang='lat' dir='ltr'>scientia</span> <span class='ocrx_word' id='word_1_9' title='bbox 1152 400 1216 464; x_wconf 82' lang='lat' dir='ltr'>ieta</span> <span class='ocrx_word' id='word_1_10' title='bbox 1235 397 1406 482; x_wconf 79' lang='lat' dir='ltr'>caelestis‘,</span> 
     </span>
     <span class='ocr_line' id='line_1_3' title="bbox 235 501 1406 588; baseline 0.002 -20"><span class='ocrx_word' id='word_1_11' title='bbox 235 503 269 570; x_wconf 92' lang='lat' dir='ltr'>id</span> <span class='ocrx_word' id='word_1_12' title='bbox 284 509 332 568; x_wconf 89' lang='lat' dir='ltr'>est</span> <span class='ocrx_word' id='word_1_13' title='bbox 345 503 522 586; x_wconf 86' lang='lat' dir='ltr'>linguarum</span> <span class='ocrx_word' id='word_1_14' title='bbox 537 503 677 568; x_wconf 89' lang='lat' dir='ltr'>omnium</span> <span class='ocrx_word' id='word_1_15' title='bbox 691 502 858 588; x_wconf 89' lang='lat' dir='ltr'>prudentia</span> <span class='ocrx_word' id='word_1_16' title='bbox 872 508 904 568; x_wconf 91' lang='lat' dir='ltr'>et</span> <span class='ocrx_word' id='word_1_17' title='bbox 919 503 1082 588; x_wconf 85' lang='lat' dir='ltr'>sapientia.</span> <span class='ocrx_word' id='word_1_18' title='bbox 1104 501 1145 567; x_wconf 85' lang='lat' dir='ltr'>Et</span> <span class='ocrx_word' id='word_1_19' title='bbox 1155 501 1262 568; x_wconf 80' lang='lat' dir='ltr'>Heben</span> <span class='ocrx_word' id='word_1_20' title='bbox 1276 503 1406 588; x_wconf 88' lang='lat' dir='ltr'>quidem</span> 
     </span>
     <span class='ocr_line' id='line_1_4' title="bbox 236 605 1404 691; baseline 0.002 -19"><span class='ocrx_word' id='word_1_21' title='bbox 236 613 364 672; x_wconf 89' lang='lat' dir='ltr'>sanctus</span> <span class='ocrx_word' id='word_1_22' title='bbox 384 605 475 690; x_wconf 71' lang='lat' dir='ltr'>‘quia</span> <span class='ocrx_word' id='word_1_23' title='bbox 495 627 559 672; x_wconf 92' lang='lat' dir='ltr'>non</span> <span class='ocrx_word' id='word_1_24' title='bbox 580 606 725 672; x_wconf 73' lang='lat' dir='ltr'>discessit</span> <span class='ocrx_word' id='word_1_25' title='bbox 745 605 836 672; x_wconf 89' lang='lat' dir='ltr'>adeo</span> <span class='ocrx_word' id='word_1_26' title='bbox 852 605 1026 672; x_wconf 87' lang='lat' dir='ltr'>secundum</span> <span class='ocrx_word' id='word_1_27' title='bbox 1040 625 1157 670; x_wconf 90' lang='lat' dir='ltr'>nomen</span> <span class='ocrx_word' id='word_1_28' title='bbox 1171 607 1305 691; x_wconf 69' lang='lat' dir='ltr'>ipsiusss,</span> <span class='ocrx_word' id='word_1_29' title='bbox 1325 605 1404 675; x_wconf 81' lang='lat' dir='ltr'>deus</span> 
     </span>
     <span class='ocr_line' id='line_1_5' title="bbox 235 707 1405 795; baseline 0.001 -20"><span class='ocrx_word' id='word_1_30' title='bbox 235 709 334 775; x_wconf 83' lang='lat' dir='ltr'>voluit</span> <span class='ocrx_word' id='word_1_31' title='bbox 348 729 449 792; x_wconf 81' lang='lat' dir='ltr'>genus</span> <span class='ocrx_word' id='word_1_32' title='bbox 465 711 532 774; x_wconf 85' lang='lat' dir='ltr'>eius</span> <span class='ocrx_word' id='word_1_33' title='bbox 552 708 707 794; x_wconf 80' lang='lat' dir='ltr'>pullulare</span> <span class='ocrx_word' id='word_1_34' title='bbox 728 709 880 794; x_wconf 88' lang='lat' dir='ltr'>amplius,</span> <span class='ocrx_word' id='word_1_35' title='bbox 900 707 959 774; x_wconf 90' lang='lat' dir='ltr'>hoc</span> <span class='ocrx_word' id='word_1_36' title='bbox 980 729 1103 793; x_wconf 92' lang='lat' dir='ltr'>quoque</span> <span class='ocrx_word' id='word_1_37' title='bbox 1124 709 1252 774; x_wconf 92' lang='lat' dir='ltr'>nomine</span> <span class='ocrx_word' id='word_1_38' title='bbox 1266 711 1405 795; x_wconf 89' lang='lat' dir='ltr'>primum</span> 
     </span>
     <span class='ocr_line' id='line_1_6' title="bbox 235 811 1406 898; baseline 0 -20"><span class='ocrx_word' id='word_1_39' title='bbox 235 816 269 878; x_wconf 92' lang='lat' dir='ltr'>in</span> <span class='ocrx_word' id='word_1_40' title='bbox 284 812 388 878; x_wconf 88' lang='lat' dir='ltr'>seculo</span> <span class='ocrx_word' id='word_1_41' title='bbox 403 815 589 898; x_wconf 91' lang='lat' dir='ltr'>nuncupari,</span> <span class='ocrx_word' id='word_1_42' title='bbox 604 818 639 876; x_wconf 92' lang='lat' dir='ltr'>ut</span> <span class='ocrx_word' id='word_1_43' title='bbox 653 811 692 876; x_wconf 89' lang='lat' dir='ltr'>ab</span> <span class='ocrx_word' id='word_1_44' title='bbox 708 812 822 893; x_wconf 89' lang='lat' dir='ltr'>Heber,</span> <span class='ocrx_word' id='word_1_45' title='bbox 838 813 891 895; x_wconf 91' lang='lat' dir='ltr'>qui</span> <span class='ocrx_word' id='word_1_46' title='bbox 902 833 967 876; x_wconf 92' lang='lat' dir='ltr'>non</span> <span class='ocrx_word' id='word_1_47' title='bbox 979 817 1181 876; x_wconf 76' lang='lat' dir='ltr'>consenserat</span> <span class='ocrx_word' id='word_1_48' title='bbox 1192 811 1406 878; x_wconf 83' lang='lat' dir='ltr'>aedificationi</span> 
     </span>
     <span class='ocr_line' id='line_1_7' title="bbox 235 913 1405 1001; baseline -0.001 -20"><span class='ocrx_word' id='word_1_49' title='bbox 235 919 329 981; x_wconf 88' lang='lat' dir='ltr'>turris</span> <span class='ocrx_word' id='word_1_50' title='bbox 344 915 582 998; x_wconf 79' lang='lat' dir='ltr'>rebellantium,</span> <span class='ocrx_word' id='word_1_51' title='bbox 602 914 757 979; x_wconf 77' lang='lat' dir='ltr'>Hebraeih</span> <span class='ocrx_word' id='word_1_52' title='bbox 773 915 900 980; x_wconf 89' lang='lat' dir='ltr'>nomine</span> <span class='ocrx_word' id='word_1_53' title='bbox 915 913 1156 1001; x_wconf 81' lang='lat' dir='ltr'>appellarentur.</span> <span class='ocrx_word' id='word_1_54' title='bbox 1193 914 1283 980; x_wconf 87' lang='lat' dir='ltr'>Prior</span> <span class='ocrx_word' id='word_1_55' title='bbox 1298 917 1405 1000; x_wconf 84' lang='lat' dir='ltr'>itaque</span> 
     </span>
     <span class='ocr_line' id='line_1_8' title="bbox 236 1017 1401 1104; baseline -0.001 -20"><span class='ocrx_word' id='word_1_56' title='bbox 236 1039 299 1085; x_wconf 93' lang='lat' dir='ltr'>non</span> <span class='ocrx_word' id='word_1_57' title='bbox 314 1019 417 1084; x_wconf 88' lang='lat' dir='ltr'>solum</span> <span class='ocrx_word' id='word_1_58' title='bbox 431 1021 574 1104; x_wconf 80' lang='lat' dir='ltr'>paganis,</span> <span class='ocrx_word' id='word_1_59' title='bbox 587 1039 696 1082; x_wconf 89' lang='lat' dir='ltr'>verum</span> <span class='ocrx_word' id='word_1_60' title='bbox 712 1019 807 1082; x_wconf 86' lang='lat' dir='ltr'>etiam</span> <span class='ocrx_word' id='word_1_61' title='bbox 822 1023 855 1081; x_wconf 87' lang='lat' dir='ltr'>et</span> <span class='ocrx_word' id='word_1_62' title='bbox 867 1018 1003 1100; x_wconf 86' lang='lat' dir='ltr'>ludaeis,</span> <span class='ocrx_word' id='word_1_63' title='bbox 1018 1017 1053 1082; x_wconf 92' lang='lat' dir='ltr'>id</span> <span class='ocrx_word' id='word_1_64' title='bbox 1067 1023 1116 1082; x_wconf 88' lang='lat' dir='ltr'>est</span> <span class='ocrx_word' id='word_1_65' title='bbox 1130 1023 1203 1084; x_wconf 87' lang='lat' dir='ltr'>ante</span> <span class='ocrx_word' id='word_1_66' title='bbox 1219 1021 1401 1104; x_wconf 79' lang='lat' dir='ltr'>septingen-</span> 
     </span>
     <span class='ocr_line' id='line_1_9' title="bbox 235 1120 1405 1205; baseline 0.001 -18"><span class='ocrx_word' id='word_1_67' title='bbox 235 1129 284 1188; x_wconf 89' lang='lat' dir='ltr'>tos</span> <span class='ocrx_word' id='word_1_68' title='bbox 300 1121 412 1186; x_wconf 80' lang='lat' dir='ltr'>auuos¹</span> <span class='ocrx_word' id='word_1_69' title='bbox 432 1121 539 1186; x_wconf 86' lang='lat' dir='ltr'>Heber</span> <span class='ocrx_word' id='word_1_70' title='bbox 558 1121 654 1186; x_wconf 85' lang='lat' dir='ltr'>luisse</span> <span class='ocrx_word' id='word_1_71' title='bbox 676 1123 874 1205; x_wconf 86' lang='lat' dir='ltr'>cognoscitur</span> <span class='ocrx_word' id='word_1_72' title='bbox 892 1122 1099 1202; x_wconf 85' lang='lat' dir='ltr'>iustissimus,</span> <span class='ocrx_word' id='word_1_73' title='bbox 1121 1123 1175 1205; x_wconf 90' lang='lat' dir='ltr'>qui</span> <span class='ocrx_word' id='word_1_74' title='bbox 1193 1123 1227 1184; x_wconf 95' lang='lat' dir='ltr'>in</span> <span class='ocrx_word' id='word_1_75' title='bbox 1242 1120 1405 1188; x_wconf 87' lang='lat' dir='ltr'>dominum</span> 
     </span>
     <span class='ocr_line' id='line_1_10' title="bbox 236 1224 1403 1309; baseline -0.002 -17"><span class='ocrx_word' id='word_1_76' title='bbox 236 1225 368 1292; x_wconf 89' lang='lat' dir='ltr'>credens</span> <span class='ocrx_word' id='word_1_77' title='bbox 384 1230 416 1289; x_wconf 86' lang='lat' dir='ltr'>et</span> <span class='ocrx_word' id='word_1_78' title='bbox 430 1245 449 1288; x_wconf 91' lang='lat' dir='ltr'>a</span> <span class='ocrx_word' id='word_1_79' title='bbox 464 1226 676 1290; x_wconf 90' lang='lat' dir='ltr'>coniuratione</span> <span class='ocrx_word' id='word_1_80' title='bbox 693 1224 916 1289; x_wconf 87' lang='lat' dir='ltr'>sceleratorum</span> <span class='ocrx_word' id='word_1_81' title='bbox 929 1224 1092 1290; x_wconf 89' lang='lat' dir='ltr'>hominum</span> <span class='ocrx_word' id='word_1_82' title='bbox 1104 1229 1266 1309; x_wconf 86' lang='lat' dir='ltr'>separatus</span> <span class='ocrx_word' id='word_1_83' title='bbox 1282 1225 1332 1290; x_wconf 90' lang='lat' dir='ltr'>sui</span> <span class='ocrx_word' id='word_1_84' title='bbox 1344 1245 1403 1290; x_wconf 89' lang='lat' dir='ltr'>no-</span> 
     </span>
     <span class='ocr_line' id='line_1_11' title="bbox 235 1327 1403 1413; baseline -0.003 -19"><span class='ocrx_word' id='word_1_85' title='bbox 235 1330 330 1394; x_wconf 90' lang='lat' dir='ltr'>minis</span> <span class='ocrx_word' id='word_1_86' title='bbox 352 1330 487 1413; x_wconf 89' lang='lat' dir='ltr'>primam</span> <span class='ocrx_word' id='word_1_87' title='bbox 508 1327 589 1392; x_wconf 92' lang='lat' dir='ltr'>hanc</span> <span class='ocrx_word' id='word_1_88' title='bbox 612 1349 631 1391; x_wconf 91' lang='lat' dir='ltr'>a</span> <span class='ocrx_word' id='word_1_89' title='bbox 653 1327 778 1392; x_wconf 90' lang='lat' dir='ltr'>domino</span> <span class='ocrx_word' id='word_1_90' title='bbox 801 1329 1067 1413; x_wconf 71' lang='lat' dir='ltr'>nuncupationem</span> <span class='ocrx_word' id='word_1_91' title='bbox 1088 1329 1204 1392; x_wconf 86' lang='lat' dir='ltr'>meruit</span> <span class='ocrx_word' id='word_1_92' title='bbox 1223 1329 1403 1412; x_wconf 88' lang='lat' dir='ltr'>impetrare.</span> 
     </span>
     <span class='ocr_line' id='line_1_12' title="bbox 235 1428 1403 1516; baseline -0.003 -19"><span class='ocrx_word' id='word_1_93' title='bbox 235 1431 327 1497; x_wconf 91' lang='lat' dir='ltr'>Unde</span> <span class='ocrx_word' id='word_1_94' title='bbox 343 1436 375 1494; x_wconf 88' lang='lat' dir='ltr'>et</span> <span class='ocrx_word' id='word_1_95' title='bbox 388 1433 497 1516; x_wconf 74' lang='lat' dir='ltr'>pcitae</span> <span class='ocrx_word' id='word_1_96' title='bbox 512 1433 585 1494; x_wconf 85' lang='lat' dir='ltr'>vani</span> <span class='ocrx_word' id='word_1_97' title='bbox 601 1429 851 1494; x_wconf 87' lang='lat' dir='ltr'>aedificationem</span> <span class='ocrx_word' id='word_1_98' title='bbox 865 1429 953 1494; x_wconf 91' lang='lat' dir='ltr'>illam</span> <span class='ocrx_word' id='word_1_99' title='bbox 973 1429 1014 1494; x_wconf 90' lang='lat' dir='ltr'>ad</span> <span class='ocrx_word' id='word_1_100' title='bbox 1029 1451 1086 1494; x_wconf 89' lang='lat' dir='ltr'>sua</span> <span class='ocrx_word' id='word_1_101' title='bbox 1099 1428 1284 1496; x_wconf 76' lang='lat' dir='ltr'>mendaciak</span> <span class='ocrx_word' id='word_1_102' title='bbox 1298 1433 1403 1494; x_wconf 88' lang='lat' dir='ltr'>trans-</span> 
     </span>
     <span class='ocr_line' id='line_1_13' title="bbox 236 1529 1405 1616; baseline 0.001 -19"><span class='ocrx_word' id='word_1_103' title='bbox 236 1533 371 1598; x_wconf 86' lang='lat' dir='ltr'>ferentes</span> <span class='ocrx_word' id='word_1_104' title='bbox 392 1535 532 1616; x_wconf 79' lang='lat' dir='ltr'>gigantes</span> <span class='ocrx_word' id='word_1_105' title='bbox 554 1533 727 1598; x_wconf 87' lang='lat' dir='ltr'>docuerunt</span> <span class='ocrx_word' id='word_1_106' title='bbox 750 1531 908 1596; x_wconf 79' lang='lat' dir='ltr'>⁵Aloidas¹</span> <span class='ocrx_word' id='word_1_107' title='bbox 928 1532 999 1598; x_wconf 88' lang='lat' dir='ltr'>illos</span> <span class='ocrx_word' id='word_1_108' title='bbox 1024 1529 1213 1598; x_wconf 85' lang='lat' dir='ltr'>rebellantes</span> <span class='ocrx_word' id='word_1_109' title='bbox 1232 1532 1405 1600; x_wconf 85' lang='lat' dir='ltr'>ascendere</span> 
     </span>
     <span class='ocr_line' id='line_1_14' title="bbox 236 1634 1404 1721; baseline 0 -21"><span class='ocrx_word' id='word_1_110' title='bbox 236 1635 373 1700; x_wconf 83' lang='lat' dir='ltr'>voluisse</span> <span class='ocrx_word' id='word_1_111' title='bbox 384 1639 419 1700; x_wconf 94' lang='lat' dir='ltr'>in</span> <span class='ocrx_word' id='word_1_112' title='bbox 431 1636 551 1700; x_wconf 91' lang='lat' dir='ltr'>caelum</span> <span class='ocrx_word' id='word_1_113' title='bbox 562 1657 619 1721; x_wconf 91' lang='lat' dir='ltr'>per</span> <span class='ocrx_word' id='word_1_114' title='bbox 629 1636 863 1720; x_wconf 86' lang='lat' dir='ltr'>impositionem</span> <span class='ocrx_word' id='word_1_115' title='bbox 873 1637 1039 1716; x_wconf 88' lang='lat' dir='ltr'>montium,</span> <span class='ocrx_word' id='word_1_116' title='bbox 1050 1642 1143 1720; x_wconf 88' lang='lat' dir='ltr'>atqua</span> <span class='ocrx_word' id='word_1_117' title='bbox 1154 1634 1229 1702; x_wconf 86' lang='lat' dir='ltr'>indo</span> <span class='ocrx_word' id='word_1_118' title='bbox 1241 1655 1293 1702; x_wconf 86' lang='lat' dir='ltr'>eos</span> <span class='ocrx_word' id='word_1_119' title='bbox 1305 1635 1404 1702; x_wconf 85' lang='lat' dir='ltr'>fuisse</span> 
     </span>
     <span class='ocr_line' id='line_1_15' title="bbox 237 1737 1405 1825; baseline 0.002 -21"><span class='ocrx_word' id='word_1_120' title='bbox 237 1739 410 1805; x_wconf 86' lang='lat' dir='ltr'>damnatos.</span> <span class='ocrx_word' id='word_1_121' title='bbox 448 1739 586 1816; x_wconf 87' lang='lat' dir='ltr'>Quorum</span> <span class='ocrx_word' id='word_1_122' title='bbox 606 1737 814 1803; x_wconf 87' lang='lat' dir='ltr'>deliramenta</span> <span class='ocrx_word' id='word_1_123' title='bbox 833 1759 897 1802; x_wconf 92' lang='lat' dir='ltr'>non</span> <span class='ocrx_word' id='word_1_124' title='bbox 912 1737 1071 1804; x_wconf 81' lang='lat' dir='ltr'>latuerunt</span> <span class='ocrx_word' id='word_1_125' title='bbox 1085 1737 1220 1825; x_wconf 86' lang='lat' dir='ltr'>amplius</span> <span class='ocrx_word' id='word_1_126' title='bbox 1235 1741 1405 1806; x_wconf 83' lang='lat' dir='ltr'>scientiam</span> 
     </span>
     <span class='ocr_line' id='line_1_16' title="bbox 236 1842 670 1930; baseline -0.005 -23"><span class='ocrx_word' id='word_1_127' title='bbox 236 1864 273 1908; x_wconf 90' lang='lat' dir='ltr'>ac</span> <span class='ocrx_word' id='word_1_128' title='bbox 288 1845 436 1930; x_wconf 89' lang='lat' dir='ltr'>peritiam</span> <span class='ocrx_word' id='word_1_129' title='bbox 450 1842 670 1906; x_wconf 86' lang='lat' dir='ltr'>Christianam.</span> 
     </span>
    </p>

    <p class='ocr_par' dir='ltr' id='par_1_3' title="bbox 100 1943 1511 2238">
     <span class='ocr_line' id='line_1_17' title="bbox 100 1943 1404 2032; baseline 0.001 -22"><span class='ocrx_word' id='word_1_130' title='bbox 100 1953 151 2004; x_wconf 61' lang='grc' dir='ltr'>θεν·</span> <span class='ocrx_word' id='word_1_131' title='bbox 165 1954 219 1996; x_wconf 70' lang='lat' dir='ltr'>GVL</span> <span class='ocrx_word' id='word_1_132' title='bbox 300 1946 371 2010; x_wconf 84' lang='lat' dir='ltr'>Alia</span> <span class='ocrx_word' id='word_1_133' title='bbox 385 1952 434 2010; x_wconf 87' lang='lat' dir='ltr'>est</span> <span class='ocrx_word' id='word_1_134' title='bbox 446 1945 584 2012; x_wconf 84' lang='lat' dir='ltr'>haeresis</span> <span class='ocrx_word' id='word_1_135' title='bbox 600 1945 637 2008; x_wconf 91' lang='lat' dir='ltr'>de</span> <span class='ocrx_word' id='word_1_136' title='bbox 653 1965 734 2010; x_wconf 87' lang='lat' dir='ltr'>anno</span> <span class='ocrx_word' id='word_1_137' title='bbox 750 1947 957 2029; x_wconf 44' lang='lat' dir='ltr'>annuntiato&amp;</span> <span class='ocrx_word' id='word_1_138' title='bbox 972 1945 1153 2028; x_wconf 87' lang='lat' dir='ltr'>ambigens,</span> <span class='ocrx_word' id='word_1_139' title='bbox 1175 1943 1258 2029; x_wconf 91' lang='lat' dir='ltr'>quod</span> <span class='ocrx_word' id='word_1_140' title='bbox 1271 1947 1317 2010; x_wconf 87' lang='lat' dir='ltr'>ait</span> <span class='ocrx_word' id='word_1_141' title='bbox 1330 1967 1404 2032; x_wconf 92' lang='lat' dir='ltr'>pro·</span> 
     </span>
     <span class='ocr_line' id='line_1_18' title="bbox 235 2046 1404 2136; baseline 0.001 -23"><span class='ocrx_word' id='word_1_142' title='bbox 235 2049 331 2136; x_wconf 83' lang='lat' dir='ltr'>pheta</span> <span class='ocrx_word' id='word_1_143' title='bbox 344 2049 487 2114; x_wconf 64' lang='lat' dir='ltr'>Esaiasl:</span> <span class='ocrx_word' id='word_1_144' title='bbox 503 2047 707 2114; x_wconf 81' lang='lat' dir='ltr'>Aaaoata&#39;ore</span> <span class='ocrx_word' id='word_1_145' title='bbox 722 2069 842 2112; x_wconf 83' lang='lat' dir='ltr'>onnam</span> <span class='ocrx_word' id='word_1_146' title='bbox 856 2049 909 2112; x_wconf 78' lang='lat' dir='ltr'>dei</span> <span class='ocrx_word' id='word_1_147' title='bbox 922 2046 1153 2134; x_wconf 77' lang='lat' dir='ltr'>acceptabilem,</span> <span class='ocrx_word' id='word_1_148' title='bbox 1170 2059 1199 2112; x_wconf 83' lang='lat' dir='ltr'>et</span> <span class='ocrx_word' id='word_1_149' title='bbox 1213 2049 1295 2112; x_wconf 81' lang='lat' dir='ltr'>da&#39;cm</span> <span class='ocrx_word' id='word_1_150' title='bbox 1307 2052 1404 2114; x_wconf 79' lang='lat' dir='ltr'>retri-</span> 
     </span>
     <span class='ocr_line' id='line_1_19' title="bbox 238 2150 1511 2238; baseline -0.005 -20"><span class='ocrx_word' id='word_1_151' title='bbox 238 2153 383 2218; x_wconf 81' lang='lat' dir='ltr'>baticaia.</span> <span class='ocrx_word' id='word_1_152' title='bbox 416 2152 534 2217; x_wconf 84' lang='lat' dir='ltr'>Putant</span> <span class='ocrx_word' id='word_1_153' title='bbox 553 2171 624 2235; x_wconf 81' lang='lat' dir='ltr'>ergo</span> <span class='ocrx_word' id='word_1_154' title='bbox 644 2151 773 2236; x_wconf 90' lang='lat' dir='ltr'>quidam</span> <span class='ocrx_word' id='word_1_155' title='bbox 793 2150 876 2236; x_wconf 92' lang='lat' dir='ltr'>quod</span> <span class='ocrx_word' id='word_1_156' title='bbox 896 2171 936 2216; x_wconf 86' lang='lat' dir='ltr'>ex</span> <span class='ocrx_word' id='word_1_157' title='bbox 956 2171 1016 2235; x_wconf 94' lang='lat' dir='ltr'>quo</span> <span class='ocrx_word' id='word_1_158' title='bbox 1036 2153 1124 2218; x_wconf 84' lang='lat' dir='ltr'>venit</span> <span class='ocrx_word' id='word_1_159' title='bbox 1143 2151 1288 2217; x_wconf 86' lang='lat' dir='ltr'>dominus</span> <span class='ocrx_word' id='word_1_160' title='bbox 1303 2171 1405 2238; x_wconf 88' lang='lat' dir='ltr'>usque</span> <span class='ocrx_word' id='word_1_161' title='bbox 1508 2207 1511 2211; x_wconf 86' lang='lat'>.</span> 
     </span>
    </p>
   </div>
   <div class='ocr_carea' id='block_1_3' title="bbox 238 2337 1404 2532">
    <p class='ocr_par' dir='ltr' id='par_1_4' title="bbox 238 2337 1404 2532">
     <span class='ocr_line' id='line_1_20' title="bbox 301 2337 1031 2412; baseline -0.004 -18"><span class='ocrx_word' id='word_1_162' title='bbox 301 2339 326 2394; x_wconf 82' lang='grc'>4.</span> <span class='ocrx_word' id='word_1_163' title='bbox 340 2339 426 2412; x_wconf 82' lang='lat' dir='ltr'>quiae</span> <span class='ocrx_word' id='word_1_164' title='bbox 444 2359 466 2394; x_wconf 90' lang='lat' dir='ltr'>o.</span> <span class='ocrx_word' id='word_1_165' title='bbox 480 2339 526 2410; x_wconf 85' lang='lat' dir='ltr'>qui</span> <span class='ocrx_word' id='word_1_166' title='bbox 537 2340 598 2392; x_wconf 73' lang='lat' dir='ltr'>libra·</span> <span class='ocrx_word' id='word_1_167' title='bbox 609 2356 699 2394; x_wconf 84' lang='lat' dir='ltr'>amaea.</span> <span class='ocrx_word' id='word_1_168' title='bbox 740 2338 765 2394; x_wconf 86' lang='lat'>5.</span> <span class='ocrx_word' id='word_1_169' title='bbox 776 2337 899 2392; x_wconf 85' lang='lat' dir='ltr'>Haloidas</span> <span class='ocrx_word' id='word_1_170' title='bbox 912 2337 1031 2404; x_wconf 65' lang='lat' dir='ltr'>(afflat.</span> 
     </span>
     <span class='ocr_line' id='line_1_21' title="bbox 302 2358 1404 2479; baseline 0.002 -18"><span class='ocrx_word' id='word_1_171' title='bbox 302 2407 364 2479; x_wconf 80' lang='lat' dir='ltr'>Gap,</span> <span class='ocrx_word' id='word_1_172' title='bbox 377 2358 442 2462; x_wconf 77' lang='lat' dir='ltr'>GVl.</span> <span class='ocrx_word' id='word_1_173' title='bbox 458 2411 485 2462; x_wconf 81' lang='lat' dir='ltr'>ia</span> <span class='ocrx_word' id='word_1_174' title='bbox 499 2409 546 2462; x_wconf 86' lang='lat' dir='ltr'>abc</span> <span class='ocrx_word' id='word_1_175' title='bbox 560 2411 708 2479; x_wconf 69' lang='lat' dir='ltr'>incomptam</span> <span class='ocrx_word' id='word_1_176' title='bbox 721 2415 759 2460; x_wconf 84' lang='lat' dir='ltr'>eet</span> <span class='ocrx_word' id='word_1_177' title='bbox 776 2405 907 2460; x_wconf 74' lang='lat' dir='ltr'>Hennaeis</span> <span class='ocrx_word' id='word_1_178' title='bbox 924 2423 960 2459; x_wconf 82' lang='lat' dir='ltr'>na</span> <span class='ocrx_word' id='word_1_179' title='bbox 972 2423 1049 2460; x_wconf 80' lang='lat' dir='ltr'>auare</span> <span class='ocrx_word' id='word_1_180' title='bbox 1063 2421 1171 2462; x_wconf 79' lang='lat' dir='ltr'>carrera</span> <span class='ocrx_word' id='word_1_181' title='bbox 1182 2425 1216 2460; x_wconf 79' lang='lat' dir='ltr'>aa</span> <span class='ocrx_word' id='word_1_182' title='bbox 1228 2423 1352 2462; x_wconf 68' lang='lat' dir='ltr'>raucae</span> <span class='ocrx_word' id='word_1_183' title='bbox 1364 2425 1404 2462; x_wconf 82' lang='lat' dir='ltr'>rv-</span> 
     </span>
     <span class='ocr_line' id='line_1_22' title="bbox 238 2491 390 2532; baseline 0 -1"><span class='ocrx_word' id='word_1_184' title='bbox 238 2491 343 2532; x_wconf 79' lang='lat' dir='ltr'>nrcaas.</span> <span class='ocrx_word' id='word_1_185' title='bbox 357 2507 390 2518; x_wconf 95' lang='lat'>-</span> 
     </span>
    </p>
   </div>
   <div class='ocr_carea' id='block_1_4' title="bbox 232 2663 1406 2806">
    <p class='ocr_par' dir='ltr' id='par_1_5' title="bbox 232 2663 1406 2806">
     <span class='ocr_line' id='line_1_23' title="bbox 232 2663 1406 2788; baseline 0.002 -68"><span class='ocrx_word' id='word_1_186' title='bbox 232 2667 295 2788; x_wconf 63' lang='lat' dir='ltr'>puta</span> <span class='ocrx_word' id='word_1_187' title='bbox 312 2683 402 2722; x_wconf 81' lang='lat' dir='ltr'>omnes</span> <span class='ocrx_word' id='word_1_188' title='bbox 420 2683 448 2721; x_wconf 78' lang='lat' dir='ltr'>aa</span> <span class='ocrx_word' id='word_1_189' title='bbox 468 2665 580 2720; x_wconf 83' lang='lat' dir='ltr'>invicem</span> <span class='ocrx_word' id='word_1_190' title='bbox 603 2667 792 2737; x_wconf 81' lang='lat' dir='ltr'>intelligebant,</span> <span class='ocrx_word' id='word_1_191' title='bbox 843 2663 928 2730; x_wconf 87' lang='lat' dir='ltr'>dacia]</span> <span class='ocrx_word' id='word_1_192' title='bbox 954 2663 1045 2734; x_wconf 79' lang='lat' dir='ltr'>Longe</span> <span class='ocrx_word' id='word_1_193' title='bbox 1067 2663 1117 2718; x_wconf 89' lang='lat' dir='ltr'>hoc</span> <span class='ocrx_word' id='word_1_194' title='bbox 1141 2664 1300 2731; x_wconf 76' lang='lat' dir='ltr'>credibilius,</span> <span class='ocrx_word' id='word_1_195' title='bbox 1324 2682 1406 2738; x_wconf 79' lang='lat' dir='ltr'>quam</span> 
     </span>
     <span class='ocr_line' id='line_1_24' title="bbox 251 2729 1405 2806; baseline -0.002 -16"><span class='ocrx_word' id='word_1_196' title='bbox 251 2737 415 2806; x_wconf 87' lang='lat' dir='ltr'>abebantque</span> <span class='ocrx_word' id='word_1_197' title='bbox 432 2741 462 2789; x_wconf 88' lang='lat' dir='ltr'>ut</span> <span class='ocrx_word' id='word_1_198' title='bbox 477 2752 542 2788; x_wconf 84' lang='lat' dir='ltr'>mox</span> <span class='ocrx_word' id='word_1_199' title='bbox 558 2733 693 2804; x_wconf 84' lang='lat' dir='ltr'>subiungit</span> <span class='ocrx_word' id='word_1_200' title='bbox 707 2733 792 2788; x_wconf 86' lang='lat' dir='ltr'>Phila-</span> <span class='ocrx_word' id='word_1_201' title='bbox 844 2729 913 2802; x_wconf 91' lang='lat' dir='ltr'>quod</span> <span class='ocrx_word' id='word_1_202' title='bbox 925 2729 1015 2785; x_wconf 79' lang='lat' dir='ltr'>Celsus</span> <span class='ocrx_word' id='word_1_203' title='bbox 1028 2733 1097 2802; x_wconf 86' lang='lat' dir='ltr'>apud</span> <span class='ocrx_word' id='word_1_204' title='bbox 1109 2732 1249 2804; x_wconf 89' lang='lat' dir='ltr'>Origenem</span> <span class='ocrx_word' id='word_1_205' title='bbox 1258 2733 1300 2788; x_wconf 89' lang='lat' dir='ltr'>IV.</span> <span class='ocrx_word' id='word_1_206' title='bbox 1310 2751 1336 2806; x_wconf 91' lang='lat' dir='ltr'>p.</span> <span class='ocrx_word' id='word_1_207' title='bbox 1348 2735 1405 2788; x_wconf 77' lang='lat'>174.</span> 
     </span>
    </p>
   </div>
   <div class='ocr_carea' id='block_1_5' title="bbox 230 2799 1408 4584">
    <p class='ocr_par' dir='ltr' id='par_1_6' title="bbox 230 2799 1408 4584">
     <span class='ocr_line' id='line_1_25' title="bbox 233 2799 1405 2874; baseline 0.001 -18"><span class='ocrx_word' id='word_1_208' title='bbox 233 2806 321 2869; x_wconf 89' lang='lat' dir='ltr'>strias,</span> <span class='ocrx_word' id='word_1_209' title='bbox 329 2803 791 2874; x_wconf 64' lang='lat' dir='ltr'>liayoommomutomecr&#39;eatiamffl.)</span> <span class='ocrx_word' id='word_1_210' title='bbox 843 2799 1000 2870; x_wconf 75' lang='lat' dir='ltr'>aitMoyseu</span> <span class='ocrx_word' id='word_1_211' title='bbox 1018 2817 1051 2854; x_wconf 90' lang='lat' dir='ltr'>ex</span> <span class='ocrx_word' id='word_1_212' title='bbox 1068 2801 1219 2855; x_wconf 82' lang='lat' dir='ltr'>Aloidarum</span> <span class='ocrx_word' id='word_1_213' title='bbox 1234 2801 1324 2856; x_wconf 83' lang='lat' dir='ltr'>fabula</span> <span class='ocrx_word' id='word_1_214' title='bbox 1340 2801 1405 2857; x_wconf 89' lang='lat' dir='ltr'>bau-</span> 
     </span>
     <span class='ocr_line' id='line_1_26' title="bbox 267 2868 1405 2950; baseline -0.002 -24"><span class='ocrx_word' id='word_1_215' title='bbox 267 2890 289 2926; x_wconf 91' lang='lat' dir='ltr'>e.</span> <span class='ocrx_word' id='word_1_216' title='bbox 307 2879 334 2926; x_wconf 91' lang='lat' dir='ltr'>et</span> <span class='ocrx_word' id='word_1_217' title='bbox 349 2890 402 2926; x_wconf 90' lang='lat' dir='ltr'>uua</span> <span class='ocrx_word' id='word_1_218' title='bbox 416 2874 508 2942; x_wconf 84' lang='lat' dir='ltr'>lingua</span> <span class='ocrx_word' id='word_1_219' title='bbox 546 2871 575 2924; x_wconf 93' lang='lat' dir='ltr'>Iu</span> <span class='ocrx_word' id='word_1_220' title='bbox 596 2871 665 2924; x_wconf 92' lang='lat' dir='ltr'>hunc</span> <span class='ocrx_word' id='word_1_221' title='bbox 685 2889 792 2924; x_wconf 86' lang='lat' dir='ltr'>sonsum</span> <span class='ocrx_word' id='word_1_222' title='bbox 843 2868 917 2934; x_wconf 86' lang='lat' dir='ltr'>sisse,</span> <span class='ocrx_word' id='word_1_223' title='bbox 930 2870 1040 2950; x_wconf 30' lang='lat' dir='ltr'>quaeude</span> <span class='ocrx_word' id='word_1_224' title='bbox 1052 2869 1177 2950; x_wconf 82' lang='lat' dir='ltr'>Babelica</span> <span class='ocrx_word' id='word_1_225' title='bbox 1187 2872 1251 2923; x_wconf 84' lang='lat' dir='ltr'>turri</span> <span class='ocrx_word' id='word_1_226' title='bbox 1263 2877 1290 2923; x_wconf 92' lang='lat' dir='ltr'>et</span> <span class='ocrx_word' id='word_1_227' title='bbox 1300 2871 1405 2941; x_wconf 83' lang='lat' dir='ltr'>lingue·</span> 
     </span>
     <span class='ocr_line' id='line_1_27' title="bbox 232 2937 1405 3022; baseline -0.003 -27"><span class='ocrx_word' id='word_1_228' title='bbox 232 2941 371 3010; x_wconf 82' lang='lat' dir='ltr'>Augustin.</span> <span class='ocrx_word' id='word_1_229' title='bbox 384 2941 416 2994; x_wconf 89' lang='lat' dir='ltr'>de</span> <span class='ocrx_word' id='word_1_230' title='bbox 428 2941 482 3022; x_wconf 73' lang='lat' dir='ltr'>Oia.</span> <span class='ocrx_word' id='word_1_231' title='bbox 530 2941 554 2993; x_wconf 92' lang='lat' dir='ltr'>ei</span> <span class='ocrx_word' id='word_1_232' title='bbox 565 2940 635 2994; x_wconf 86' lang='lat' dir='ltr'>XVI.</span> <span class='ocrx_word' id='word_1_233' title='bbox 652 2941 690 3020; x_wconf 72' lang='lat' dir='ltr'>ll.</span> <span class='ocrx_word' id='word_1_234' title='bbox 704 2941 792 3022; x_wconf 76' lang='lat' dir='ltr'>,Tunc</span> <span class='ocrx_word' id='word_1_235' title='bbox 842 2953 900 2989; x_wconf 88' lang='lat' dir='ltr'>rum</span> <span class='ocrx_word' id='word_1_236' title='bbox 910 2937 1061 3017; x_wconf 67' lang='lat' dir='ltr'>conluuione</span> <span class='ocrx_word' id='word_1_237' title='bbox 1070 2955 1210 3020; x_wconf 74' lang='lat' dir='ltr'>memoriae</span> <span class='ocrx_word' id='word_1_238' title='bbox 1216 2939 1339 3019; x_wconf 83' lang='lat' dir='ltr'>prodidit</span> <span class='ocrx_word' id='word_1_239' title='bbox 1346 2939 1405 3004; x_wconf 82' lang='lat' dir='ltr'><em>(F.)</em></span> 
     </span>
     <span class='ocr_line' id='line_1_28' title="bbox 230 3006 1408 3147; baseline -0.001 -16"><span class='ocrx_word' id='word_1_240' title='bbox 230 3009 793 3147; x_wconf 60' lang='lat' dir='ltr'>aestumatissimus</span> <span class='ocrx_word' id='word_1_241' title='bbox 843 3006 1165 3145; x_wconf 57' lang='lat' dir='ltr'>epleritltitht</span> <span class='ocrx_word' id='word_1_242' title='bbox 1182 3007 1408 3131; x_wconf 56' lang='lat' dir='ltr'>illicitat</span> 
     </span>
     <span class='ocr_line' id='line_1_29' title="bbox 231 3139 954 3216; baseline -0.006 -18"><span class='ocrx_word' id='word_1_243' title='bbox 231 3144 793 3216; x_wconf 86' lang='lat' dir='ltr'>proprio,sicutaliaequoquerocataesuut</span> <span class='ocrx_word' id='word_1_244' title='bbox 843 3143 871 3196; x_wconf 80' lang='grc' dir='ltr'>Λ.</span> <span class='ocrx_word' id='word_1_245' title='bbox 884 3139 954 3195; x_wconf 70' lang='lat' dir='ltr'>att:</span> 
     </span>
     <span class='ocr_line' id='line_1_30' title="bbox 232 3206 1405 3298; baseline -0.003 -31"><span class='ocrx_word' id='word_1_246' title='bbox 232 3215 505 3285; x_wconf 87' lang='lat' dir='ltr'>nominibuspropriis.</span> <span class='ocrx_word' id='word_1_247' title='bbox 523 3213 725 3278; x_wconf 86' lang='lat' dir='ltr'>Quandoautem</span> <span class='ocrx_word' id='word_1_248' title='bbox 738 3219 793 3267; x_wconf 87' lang='lat' dir='ltr'>erat</span> <span class='ocrx_word' id='word_1_249' title='bbox 877 3206 975 3262; x_wconf 80' lang='grc' dir='ltr'>Ὄσσαν</span> <span class='ocrx_word' id='word_1_250' title='bbox 992 3207 1029 3262; x_wconf 77' lang='grc' dir='ltr'>ἐπ’</span> <span class='ocrx_word' id='word_1_251' title='bbox 1047 3210 1177 3281; x_wconf 78' lang='grc' dir='ltr'>Οὐλύμπω</span> <span class='ocrx_word' id='word_1_252' title='bbox 1195 3213 1307 3298; x_wconf 54' lang='grc' dir='ltr'>μέμασαν</span> <span class='ocrx_word' id='word_1_253' title='bbox 1324 3212 1405 3284; x_wconf 72' lang='grc' dir='ltr'>θέμεν,</span> 
     </span>
     <span class='ocr_line' id='line_1_31' title="bbox 232 3263 1338 3378; baseline -0.002 -42"><span class='ocrx_word' id='word_1_254' title='bbox 232 3300 297 3346; x_wconf 87' lang='lat' dir='ltr'>una,</span> <span class='ocrx_word' id='word_1_255' title='bbox 315 3281 379 3335; x_wconf 88' lang='lat' dir='ltr'>nihil</span> <span class='ocrx_word' id='word_1_256' title='bbox 394 3283 464 3335; x_wconf 88' lang='lat' dir='ltr'>aliud</span> <span class='ocrx_word' id='word_1_257' title='bbox 479 3299 557 3352; x_wconf 89' lang='lat' dir='ltr'>quam</span> <span class='ocrx_word' id='word_1_258' title='bbox 569 3281 684 3334; x_wconf 89' lang='lat' dir='ltr'>humana</span> <span class='ocrx_word' id='word_1_259' title='bbox 700 3283 793 3352; x_wconf 87' lang='lat' dir='ltr'>lingua</span> <span class='ocrx_word' id='word_1_260' title='bbox 1146 3263 1222 3378; x_wconf 55' lang='lat' dir='ltr'>abac?</span> <span class='ocrx_word' id='word_1_261' title='bbox 1234 3279 1273 3332; x_wconf 77' lang='grc' dir='ltr'>ἐπ’</span> <span class='ocrx_word' id='word_1_262' title='bbox 1285 3278 1338 3334; x_wconf 76' lang='grc' dir='ltr'>’οσ</span> 
     </span>
     <span class='ocr_line' id='line_1_32' title="bbox 233 3345 1406 3439; baseline -0.003 -35"><span class='ocrx_word' id='word_1_263' title='bbox 233 3357 278 3434; x_wconf 77' lang='lat' dir='ltr'>aut</span> <span class='ocrx_word' id='word_1_264' title='bbox 286 3350 401 3404; x_wconf 89' lang='lat' dir='ltr'>humana</span> <span class='ocrx_word' id='word_1_265' title='bbox 409 3352 505 3404; x_wconf 89' lang='lat' dir='ltr'>locutio</span> <span class='ocrx_word' id='word_1_266' title='bbox 514 3351 663 3416; x_wconf 84' lang='lat' dir='ltr'>vocabatur,</span> <span class='ocrx_word' id='word_1_267' title='bbox 678 3353 793 3421; x_wconf 89' lang='lat' dir='ltr'>quasola</span> <span class='ocrx_word' id='word_1_268' title='bbox 877 3346 970 3414; x_wconf 70' lang='grc' dir='ltr'>Πήλιον</span> <span class='ocrx_word' id='word_1_269' title='bbox 986 3345 1167 3417; x_wconf 76' lang='grc' dir='ltr'>εἰνοσίφυλλον,</span> <span class='ocrx_word' id='word_1_270' title='bbox 1182 3349 1206 3434; x_wconf 70' lang='grc' dir='ltr'>ἵν</span> <span class='ocrx_word' id='word_1_271' title='bbox 1235 3347 1339 3439; x_wconf 50' lang='grc' dir='ltr'>σῦρξνσς</span> <span class='ocrx_word' id='word_1_272' title='bbox 1357 3369 1406 3420; x_wconf 80' lang='grc' dir='ltr'>αμ-</span> 
     </span>
     <span class='ocr_line' id='line_1_33' title="bbox 231 3417 1406 3562; baseline -0.002 -20"><span class='ocrx_word' id='word_1_273' title='bbox 231 3437 487 3559; x_wconf 59' lang='lat' dir='ltr'>illlil’erslllblogaillll</span> <span class='ocrx_word' id='word_1_274' title='bbox 507 3419 652 3472; x_wconf 57' lang='lat' dir='ltr'><strong>humanum</strong></span> <span class='ocrx_word' id='word_1_275' title='bbox 668 3421 792 3489; x_wconf 46' lang='lat' dir='ltr'>loqueba.</span> <span class='ocrx_word' id='word_1_276' title='bbox 837 3484 939 3548; x_wconf 67' lang='lat' dir='ltr'>,Cantor</span> <span class='ocrx_word' id='word_1_277' title='bbox 961 3485 1096 3562; x_wconf 85' lang='lat' dir='ltr'>Pbilouem</span> <span class='ocrx_word' id='word_1_278' title='bbox 1115 3417 1289 3542; x_wconf 50' lang='lat' dir='ltr'>luibbblmmlie</span> <span class='ocrx_word' id='word_1_279' title='bbox 1306 3485 1406 3542; x_wconf 75' lang='lat' dir='ltr'>Confu-</span> 
     </span>
     <span class='ocr_line' id='line_1_34' title="bbox 270 3553 1406 3634; baseline -0.001 -24"><span class='ocrx_word' id='word_1_280' title='bbox 270 3558 289 3610; x_wconf 81' lang='lat' dir='ltr'>f.</span> <span class='ocrx_word' id='word_1_281' title='bbox 307 3557 415 3610; x_wconf 83' lang='lat' dir='ltr'>scientia</span> <span class='ocrx_word' id='word_1_282' title='bbox 425 3555 472 3609; x_wconf 87' lang='lat' dir='ltr'>illa</span> <span class='ocrx_word' id='word_1_283' title='bbox 483 3559 613 3624; x_wconf 83' lang='lat' dir='ltr'>caelestis]</span> <span class='ocrx_word' id='word_1_284' title='bbox 640 3558 794 3627; x_wconf 84' lang='lat' dir='ltr'>Angelicam</span> <span class='ocrx_word' id='word_1_285' title='bbox 844 3555 917 3634; x_wconf 80' lang='lat' dir='ltr'>sione</span> <span class='ocrx_word' id='word_1_286' title='bbox 929 3553 1053 3623; x_wconf 71' lang='lat' dir='ltr'>Linguae.</span> <span class='ocrx_word' id='word_1_287' title='bbox 1065 3573 1090 3624; x_wconf 91' lang='lat' dir='ltr'>p.</span> <span class='ocrx_word' id='word_1_288' title='bbox 1103 3554 1170 3624; x_wconf 74' lang='lat'>251,</span> <span class='ocrx_word' id='word_1_289' title='bbox 1183 3561 1209 3608; x_wconf 88' lang='lat' dir='ltr'>et</span> <span class='ocrx_word' id='word_1_290' title='bbox 1223 3573 1237 3607; x_wconf 94' lang='lat' dir='ltr'>e</span> <span class='ocrx_word' id='word_1_291' title='bbox 1254 3557 1406 3609; x_wconf 87' lang='lat' dir='ltr'>recentiori·</span> 
     </span>
     <span class='ocr_line' id='line_1_35' title="bbox 232 3623 1406 3696; baseline -0.002 -17"><span class='ocrx_word' id='word_1_292' title='bbox 232 3625 345 3696; x_wconf 83' lang='lat' dir='ltr'>gratiam</span> <span class='ocrx_word' id='word_1_293' title='bbox 357 3625 458 3678; x_wconf 84' lang='lat' dir='ltr'>dixerat</span> <span class='ocrx_word' id='word_1_294' title='bbox 470 3643 491 3678; x_wconf 91' lang='lat' dir='ltr'>c.</span> <span class='ocrx_word' id='word_1_295' title='bbox 506 3626 562 3678; x_wconf 77' lang='lat'>101.</span> <span class='ocrx_word' id='word_1_296' title='bbox 578 3625 683 3696; x_wconf 83' lang='lat' dir='ltr'>linguas</span> <span class='ocrx_word' id='word_1_297' title='bbox 700 3626 793 3680; x_wconf 88' lang='lat' dir='ltr'>intelli·</span> <span class='ocrx_word' id='word_1_298' title='bbox 844 3623 893 3675; x_wconf 89' lang='lat' dir='ltr'>bus</span> <span class='ocrx_word' id='word_1_299' title='bbox 905 3623 1032 3676; x_wconf 82' lang='lat' dir='ltr'>illustrem</span> <span class='ocrx_word' id='word_1_300' title='bbox 1040 3623 1163 3676; x_wconf 86' lang='lat' dir='ltr'>lluotium</span> <span class='ocrx_word' id='word_1_301' title='bbox 1172 3624 1216 3676; x_wconf 92' lang='lat' dir='ltr'>lib.</span> <span class='ocrx_word' id='word_1_302' title='bbox 1226 3623 1250 3677; x_wconf 76' lang='lat'>2.</span> <span class='ocrx_word' id='word_1_303' title='bbox 1263 3625 1406 3681; x_wconf 59' lang='lat' dir='ltr'>memoa-</span> 
     </span>
     <span class='ocr_line' id='line_1_36' title="bbox 233 3691 1405 3764; baseline 0 -17"><span class='ocrx_word' id='word_1_304' title='bbox 233 3695 312 3764; x_wconf 81' lang='lat' dir='ltr'>gendi</span> <span class='ocrx_word' id='word_1_305' title='bbox 324 3708 500 3764; x_wconf 84' lang='lat' dir='ltr'>quascunque.</span> <span class='ocrx_word' id='word_1_306' title='bbox 537 3693 594 3758; x_wconf 83' lang='lat' dir='ltr'><em>(F.)</em></span> <span class='ocrx_word' id='word_1_307' title='bbox 843 3707 902 3744; x_wconf 88' lang='lat' dir='ltr'>rum</span> <span class='ocrx_word' id='word_1_308' title='bbox 914 3691 1102 3754; x_wconf 83' lang='lat' dir='ltr'>Quaestionum</span> <span class='ocrx_word' id='word_1_309' title='bbox 1114 3709 1135 3744; x_wconf 93' lang='lat' dir='ltr'>c.</span> <span class='ocrx_word' id='word_1_310' title='bbox 1145 3691 1276 3762; x_wconf 62' lang='lat' dir='ltr'>lasep.</span> <span class='ocrx_word' id='word_1_311' title='bbox 1286 3691 1405 3764; x_wconf 66' lang='lat' dir='ltr'>tusaeq.</span> 
     </span>
     <span class='ocr_line' id='line_1_37' title="bbox 266 3759 950 3832; baseline -0.009 -17"><span class='ocrx_word' id='word_1_312' title='bbox 266 3779 292 3832; x_wconf 85' lang='lat' dir='ltr'>g.</span> <span class='ocrx_word' id='word_1_313' title='bbox 315 3763 566 3815; x_wconf 85' lang='lat' dir='ltr'>seeundumuomcn</span> <span class='ocrx_word' id='word_1_314' title='bbox 585 3761 679 3831; x_wconf 83' lang='lat' dir='ltr'>ipsius]</span> <span class='ocrx_word' id='word_1_315' title='bbox 708 3763 794 3816; x_wconf 86' lang='lat' dir='ltr'>Heber</span> <span class='ocrx_word' id='word_1_316' title='bbox 844 3759 950 3824; x_wconf 78' lang='lat' dir='ltr'>(Febr.)</span> 
     </span>
     <span class='ocr_line' id='line_1_38' title="bbox 232 3825 1404 3898; baseline 0.001 -16"><span class='ocrx_word' id='word_1_317' title='bbox 232 3835 300 3894; x_wconf 70' lang='lat'>&#39;¹122’</span> <span class='ocrx_word' id='word_1_318' title='bbox 313 3847 329 3882; x_wconf 91' lang='lat' dir='ltr'>a</span> <span class='ocrx_word' id='word_1_319' title='bbox 340 3831 494 3884; x_wconf 89' lang='lat' dir='ltr'>discedendo</span> <span class='ocrx_word' id='word_1_320' title='bbox 507 3831 561 3882; x_wconf 86' lang='lat' dir='ltr'>sive</span> <span class='ocrx_word' id='word_1_321' title='bbox 577 3831 734 3884; x_wconf 87' lang='lat' dir='ltr'>transeundo</span> <span class='ocrx_word' id='word_1_322' title='bbox 746 3849 793 3884; x_wconf 91' lang='lat' dir='ltr'>no·</span> <span class='ocrx_word' id='word_1_323' title='bbox 877 3826 939 3898; x_wconf 81' lang='lat' dir='ltr'>(lap.</span> <span class='ocrx_word' id='word_1_324' title='bbox 952 3825 1016 3882; x_wconf 85' lang='lat' dir='ltr'>CVI.</span> <span class='ocrx_word' id='word_1_325' title='bbox 1028 3859 1061 3869; x_wconf 92' lang='lat'>—</span> <span class='ocrx_word' id='word_1_326' title='bbox 1073 3845 1096 3881; x_wconf 86' lang='lat' dir='ltr'>a.</span> <span class='ocrx_word' id='word_1_327' title='bbox 1108 3829 1140 3881; x_wconf 92' lang='lat' dir='ltr'>de</span> <span class='ocrx_word' id='word_1_328' title='bbox 1151 3845 1220 3882; x_wconf 85' lang='lat' dir='ltr'>anno</span> <span class='ocrx_word' id='word_1_329' title='bbox 1232 3829 1404 3897; x_wconf 75' lang='lat' dir='ltr'>munciato]</span> 
     </span>
     <span class='ocr_line' id='line_1_39' title="bbox 232 3895 1406 3967; baseline -0.001 -15"><span class='ocrx_word' id='word_1_330' title='bbox 232 3915 292 3952; x_wconf 91' lang='lat' dir='ltr'>men</span> <span class='ocrx_word' id='word_1_331' title='bbox 304 3897 390 3955; x_wconf 89' lang='lat' dir='ltr'>habet.</span> <span class='ocrx_word' id='word_1_332' title='bbox 407 3899 484 3952; x_wconf 88' lang='lat' dir='ltr'>Liber</span> <span class='ocrx_word' id='word_1_333' title='bbox 496 3899 632 3952; x_wconf 90' lang='lat' dir='ltr'>nominum</span> <span class='ocrx_word' id='word_1_334' title='bbox 643 3899 720 3953; x_wconf 87' lang='lat' dir='ltr'>Hebr.</span> <span class='ocrx_word' id='word_1_335' title='bbox 731 3901 760 3952; x_wconf 85' lang='lat' dir='ltr'>T.</span> <span class='ocrx_word' id='word_1_336' title='bbox 767 3900 790 3952; x_wconf 76' lang='lat'>2.</span> <span class='ocrx_word' id='word_1_337' title='bbox 843 3895 881 3948; x_wconf 88' lang='lat' dir='ltr'>De</span> <span class='ocrx_word' id='word_1_338' title='bbox 892 3901 1009 3966; x_wconf 84' lang='lat' dir='ltr'>tempore</span> <span class='ocrx_word' id='word_1_339' title='bbox 1021 3898 1091 3966; x_wconf 92' lang='lat' dir='ltr'>quod</span> <span class='ocrx_word' id='word_1_340' title='bbox 1100 3897 1300 3967; x_wconf 82' lang='lat' dir='ltr'>intelligendum</span> <span class='ocrx_word' id='word_1_341' title='bbox 1310 3897 1346 3949; x_wconf 86' lang='lat' dir='ltr'>sit</span> <span class='ocrx_word' id='word_1_342' title='bbox 1356 3915 1406 3967; x_wconf 92' lang='lat' dir='ltr'>per</span> 
     </span>
     <span class='ocr_line' id='line_1_40' title="bbox 233 3966 1405 4038; baseline 0.001 -19"><span class='ocrx_word' id='word_1_343' title='bbox 233 3967 254 4020; x_wconf 91' lang='grc' dir='ltr'>Ο</span> <span class='ocrx_word' id='word_1_344' title='bbox 292 3968 461 4037; x_wconf 80' lang='lat' dir='ltr'>.Ilierouymi</span> <span class='ocrx_word' id='word_1_345' title='bbox 474 3967 533 4020; x_wconf 90' lang='lat' dir='ltr'>edit.</span> <span class='ocrx_word' id='word_1_346' title='bbox 546 3967 582 4020; x_wconf 92' lang='lat' dir='ltr'>lo.</span> <span class='ocrx_word' id='word_1_347' title='bbox 599 3968 790 4038; x_wconf 86' lang='lat' dir='ltr'>Marcianaeip.</span> <span class='ocrx_word' id='word_1_348' title='bbox 842 3981 940 4017; x_wconf 89' lang='lat' dir='ltr'>aunum</span> <span class='ocrx_word' id='word_1_349' title='bbox 956 3967 1153 4036; x_wconf 83' lang='lat' dir='ltr'>acceptabilem,</span> <span class='ocrx_word' id='word_1_350' title='bbox 1171 3966 1358 4018; x_wconf 88' lang='lat' dir='ltr'>annunciatum</span> <span class='ocrx_word' id='word_1_351' title='bbox 1376 3968 1405 4020; x_wconf 89' lang='lat' dir='ltr'>iu</span> 
     </span>
     <span class='ocr_line' id='line_1_41' title="bbox 232 3985 1405 4167; baseline 0.002 -81"><span class='ocrx_word' id='word_1_352' title='bbox 232 3985 290 4156; x_wconf 58' lang='grc' dir='ltr'>1νᾶἕὲ</span> <span class='ocrx_word' id='word_1_353' title='bbox 307 4031 407 4153; x_wconf 39' lang='lat' dir='ltr'>,libau</span> <span class='ocrx_word' id='word_1_354' title='bbox 418 4034 550 4156; x_wconf 52' lang='grc' dir='ltr'>ξιὰβσσιὲἢ</span> <span class='ocrx_word' id='word_1_355' title='bbox 562 4036 708 4155; x_wconf 46' lang='grc' dir='ltr'>διῇσιπερῶν.υ</span> <span class='ocrx_word' id='word_1_356' title='bbox 722 4037 790 4090; x_wconf 87' lang='lat' dir='ltr'>Hier.</span> <span class='ocrx_word' id='word_1_357' title='bbox 841 4033 1032 4167; x_wconf 50' lang='lat' dir='ltr'>pgrbipblijeiae</span> <span class='ocrx_word' id='word_1_358' title='bbox 1049 4050 1117 4104; x_wconf 85' lang='lat' dir='ltr'>quae</span> <span class='ocrx_word' id='word_1_359' title='bbox 1132 4034 1271 4087; x_wconf 82' lang='lat' dir='ltr'>laudantur</span> <span class='ocrx_word' id='word_1_360' title='bbox 1284 4033 1347 4088; x_wconf 86' lang='lat' dir='ltr'>Luc.</span> <span class='ocrx_word' id='word_1_361' title='bbox 1358 4033 1405 4088; x_wconf 83' lang='lat' dir='ltr'>[V.</span> 
     </span>
     <span class='ocr_line' id='line_1_42' title="bbox 234 4121 962 4166; baseline -0.003 -11"><span class='ocrx_word' id='word_1_362' title='bbox 234 4143 245 4166; x_wconf 83' lang='lat'>,</span> <span class='ocrx_word' id='word_1_363' title='bbox 292 4121 327 4166; x_wconf 79' lang='lat' dir='ltr'>er,</span> <span class='ocrx_word' id='word_1_364' title='bbox 350 4122 509 4157; x_wconf 68' lang='lat' dir='ltr'>ructatorum.</span> <span class='ocrx_word' id='word_1_365' title='bbox 598 4147 604 4159; x_wconf 88' lang='lat'><em>.</em></span> <span class='ocrx_word' id='word_1_366' title='bbox 877 4141 882 4153; x_wconf 91' lang='lat'><strong>.</strong></span> <span class='ocrx_word' id='word_1_367' title='bbox 923 4143 925 4146; x_wconf 88' lang='lat'>.</span> <span class='ocrx_word' id='word_1_368' title='bbox 957 4141 962 4153; x_wconf 92' lang='lat'><strong><em>.</em></strong></span> 
     </span>
     <span class='ocr_line' id='line_1_43' title="bbox 266 4109 1406 4256; baseline -0.003 -31"><span class='ocrx_word' id='word_1_369' title='bbox 266 4171 292 4225; x_wconf 91' lang='lat' dir='ltr'>h.</span> <span class='ocrx_word' id='word_1_370' title='bbox 309 4171 420 4224; x_wconf 83' lang='lat' dir='ltr'>Hebraer</span> <span class='ocrx_word' id='word_1_371' title='bbox 448 4173 542 4226; x_wconf 79' lang='lat' dir='ltr'>Confer</span> <span class='ocrx_word' id='word_1_372' title='bbox 550 4109 673 4228; x_wconf 73' lang='lat' dir='ltr'>lietberti</span> <span class='ocrx_word' id='word_1_373' title='bbox 684 4173 789 4242; x_wconf 77' lang='lat' dir='ltr'>Phaleg.</span> <span class='ocrx_word' id='word_1_374' title='bbox 875 4170 900 4222; x_wconf 93' lang='lat' dir='ltr'>b.</span> <span class='ocrx_word' id='word_1_375' title='bbox 917 4169 1020 4256; x_wconf 74' lang='lat' dir='ltr'>Esaias]</span> <span class='ocrx_word' id='word_1_376' title='bbox 1046 4171 1151 4224; x_wconf 71' lang='lat' dir='ltr'>LXli.</span> <span class='ocrx_word' id='word_1_377' title='bbox 1173 4171 1240 4238; x_wconf 75' lang='lat' dir='ltr'>„aaa</span> <span class='ocrx_word' id='word_1_378' title='bbox 1276 4169 1406 4222; x_wconf 69' lang='lat' dir='ltr'>alicacia:</span> 
     </span>
     <span class='ocr_line' id='line_1_44' title="bbox 233 4235 1406 4310; baseline -0.003 -16"><span class='ocrx_word' id='word_1_379' title='bbox 233 4242 277 4294; x_wconf 92' lang='lat' dir='ltr'>lib.</span> <span class='ocrx_word' id='word_1_380' title='bbox 290 4241 314 4294; x_wconf 76' lang='lat'>2.</span> <span class='ocrx_word' id='word_1_381' title='bbox 327 4257 383 4310; x_wconf 86' lang='lat' dir='ltr'>cap.</span> <span class='ocrx_word' id='word_1_382' title='bbox 398 4241 411 4292; x_wconf 85' lang='lat' dir='ltr'>l</span> <span class='ocrx_word' id='word_1_383' title='bbox 430 4282 436 4294; x_wconf 89' lang='lat'>.</span> <span class='ocrx_word' id='word_1_384' title='bbox 450 4247 476 4293; x_wconf 90' lang='lat' dir='ltr'>et</span> <span class='ocrx_word' id='word_1_385' title='bbox 486 4243 546 4294; x_wconf 89' lang='lat' dir='ltr'>libri</span> <span class='ocrx_word' id='word_1_386' title='bbox 557 4243 581 4294; x_wconf 81' lang='grc'>4.</span> <span class='ocrx_word' id='word_1_387' title='bbox 595 4259 615 4295; x_wconf 87' lang='lat' dir='ltr'>c.</span> <span class='ocrx_word' id='word_1_388' title='bbox 628 4243 674 4294; x_wconf 88' lang='lat' dir='ltr'>ult.</span> <span class='ocrx_word' id='word_1_389' title='bbox 710 4241 767 4306; x_wconf 65' lang='lat' dir='ltr'>(It.)</span> <span class='ocrx_word' id='word_1_390' title='bbox 842 4236 948 4289; x_wconf 72' lang='grc' dir='ltr'>ἐνιαυτὸν</span> <span class='ocrx_word' id='word_1_391' title='bbox 967 4257 1049 4308; x_wconf 82' lang='grc' dir='ltr'>κνριου</span> <span class='ocrx_word' id='word_1_392' title='bbox 1067 4239 1151 4292; x_wconf 66' lang='grc' dir='ltr'>δεινὴν</span> <span class='ocrx_word' id='word_1_393' title='bbox 1168 4239 1208 4290; x_wconf 76' lang='lat' dir='ltr'>acl</span> <span class='ocrx_word' id='word_1_394' title='bbox 1225 4237 1260 4308; x_wconf 73' lang='grc' dir='ltr'>ἣμ</span> <span class='ocrx_word' id='word_1_395' title='bbox 1273 4257 1316 4310; x_wconf 78' lang='grc' dir='ltr'>ραν</span> <span class='ocrx_word' id='word_1_396' title='bbox 1329 4235 1406 4290; x_wconf 76' lang='grc' dir='ltr'>ἄντα-</span> 
     </span>
     <span class='ocr_line' id='line_1_45' title="bbox 272 4306 1405 4380; baseline 0.004 -18"><span class='ocrx_word' id='word_1_397' title='bbox 272 4310 289 4362; x_wconf 85' lang='grc' dir='ltr'>ἰ.</span> <span class='ocrx_word' id='word_1_398' title='bbox 308 4315 368 4362; x_wconf 85' lang='lat' dir='ltr'>ante</span> <span class='ocrx_word' id='word_1_399' title='bbox 381 4309 466 4378; x_wconf 80' lang='lat' dir='ltr'>septiu</span> <span class='ocrx_word' id='word_1_400' title='bbox 487 4315 561 4362; x_wconf 88' lang='lat' dir='ltr'>entos</span> <span class='ocrx_word' id='word_1_401' title='bbox 574 4313 669 4376; x_wconf 86' lang='lat' dir='ltr'>annos]</span> <span class='ocrx_word' id='word_1_402' title='bbox 688 4309 791 4380; x_wconf 87' lang='lat' dir='ltr'>Septin-</span> <span class='ocrx_word' id='word_1_403' title='bbox 843 4306 994 4367; x_wconf 43' lang='lat' dir='ltr'>milwe?</span> <span class='ocrx_word' id='word_1_404' title='bbox 1011 4307 1122 4362; x_wconf 76' lang='lat' dir='ltr'>Eridane</span> <span class='ocrx_word' id='word_1_405' title='bbox 1138 4314 1225 4362; x_wconf 70' lang='lat' dir='ltr'>autem</span> <span class='ocrx_word' id='word_1_406' title='bbox 1234 4315 1274 4360; x_wconf 69' lang='lat' dir='ltr'>est</span> <span class='ocrx_word' id='word_1_407' title='bbox 1285 4313 1314 4360; x_wconf 75' lang='lat' dir='ltr'>tlt</span> <span class='ocrx_word' id='word_1_408' title='bbox 1324 4307 1405 4373; x_wconf 67' lang='lat' dir='ltr'>ditm,</span> 
     </span>
     <span class='ocr_line' id='line_1_46' title="bbox 252 4375 1405 4447; baseline 0 -17"><span class='ocrx_word' id='word_1_409' title='bbox 252 4378 472 4430; x_wconf 85' lang='lat' dir='ltr'>entisannisante</span> <span class='ocrx_word' id='word_1_410' title='bbox 507 4393 595 4445; x_wconf 75' lang='lat' dir='ltr'>cyson,</span> <span class='ocrx_word' id='word_1_411' title='bbox 604 4378 722 4432; x_wconf 86' lang='lat' dir='ltr'>Iudaicae</span> <span class='ocrx_word' id='word_1_412' title='bbox 731 4395 792 4430; x_wconf 90' lang='lat' dir='ltr'>cou-</span> <span class='ocrx_word' id='word_1_413' title='bbox 842 4375 1047 4429; x_wconf 76' lang='lat' dir='ltr'>itaneoannum</span> <span class='ocrx_word' id='word_1_414' title='bbox 1060 4393 1076 4428; x_wconf 89' lang='lat' dir='ltr'>a</span> <span class='ocrx_word' id='word_1_415' title='bbox 1091 4377 1216 4447; x_wconf 84' lang='lat' dir='ltr'>propheta</span> <span class='ocrx_word' id='word_1_416' title='bbox 1232 4377 1282 4429; x_wconf 90' lang='lat' dir='ltr'>dici</span> <span class='ocrx_word' id='word_1_417' title='bbox 1316 4377 1405 4430; x_wconf 80' lang='lat' dir='ltr'>aeolos</span> 
     </span>
     <span class='ocr_line' id='line_1_47' title="bbox 233 4393 1405 4515; baseline 0.003 -19"><span class='ocrx_word' id='word_1_418' title='bbox 233 4393 343 4496; x_wconf 63' lang='lat' dir='ltr'>ditarem</span> <span class='ocrx_word' id='word_1_419' title='bbox 355 4445 518 4514; x_wconf 85' lang='lat' dir='ltr'>reipublicae.</span> <span class='ocrx_word' id='word_1_420' title='bbox 555 4445 611 4508; x_wconf 84' lang='lat' dir='ltr'><em>(F.)</em></span> <span class='ocrx_word' id='word_1_421' title='bbox 844 4448 869 4494; x_wconf 89' lang='lat' dir='ltr'>et</span> <span class='ocrx_word' id='word_1_422' title='bbox 881 4444 980 4509; x_wconf 87' lang='lat' dir='ltr'>stricte,</span> <span class='ocrx_word' id='word_1_423' title='bbox 996 4445 1042 4497; x_wconf 91' lang='lat' dir='ltr'>sed</span> <span class='ocrx_word' id='word_1_424' title='bbox 1054 4445 1085 4497; x_wconf 92' lang='lat' dir='ltr'>de</span> <span class='ocrx_word' id='word_1_425' title='bbox 1097 4452 1213 4514; x_wconf 88' lang='lat' dir='ltr'>tempore</span> <span class='ocrx_word' id='word_1_426' title='bbox 1230 4461 1281 4515; x_wconf 90' lang='lat' dir='ltr'>quo</span> <span class='ocrx_word' id='word_1_427' title='bbox 1298 4393 1405 4499; x_wconf 71' lang='lat' dir='ltr'>iirinae</span> 
     </span>
     <span class='ocr_line' id='line_1_48' title="bbox 267 4510 1404 4584; baseline 0.002 -20"><span class='ocrx_word' id='word_1_428' title='bbox 267 4510 293 4564; x_wconf 81' lang='lat' dir='ltr'>k.</span> <span class='ocrx_word' id='word_1_429' title='bbox 310 4513 517 4566; x_wconf 84' lang='lat' dir='ltr'>aedificationem</span> <span class='ocrx_word' id='word_1_430' title='bbox 533 4512 606 4566; x_wconf 89' lang='lat' dir='ltr'>illam</span> <span class='ocrx_word' id='word_1_431' title='bbox 617 4514 650 4566; x_wconf 87' lang='lat' dir='ltr'>ad</span> <span class='ocrx_word' id='word_1_432' title='bbox 662 4529 711 4568; x_wconf 84' lang='lat' dir='ltr'>saa</span> <span class='ocrx_word' id='word_1_433' title='bbox 721 4531 794 4568; x_wconf 89' lang='lat' dir='ltr'>mon·</span> <span class='ocrx_word' id='word_1_434' title='bbox 845 4513 1002 4583; x_wconf 81' lang='lat' dir='ltr'>benignitati</span> <span class='ocrx_word' id='word_1_435' title='bbox 1007 4515 1120 4584; x_wconf 76' lang='lat' dir='ltr'>gratiam</span> <span class='ocrx_word' id='word_1_436' title='bbox 1126 4515 1234 4568; x_wconf 79' lang='lat' dir='ltr'>suatum</span> <span class='ocrx_word' id='word_1_437' title='bbox 1240 4510 1343 4568; x_wconf 81' lang='lat' dir='ltr'>Christo</span> <span class='ocrx_word' id='word_1_438' title='bbox 1354 4529 1404 4584; x_wconf 81' lang='lat' dir='ltr'>pa-</span> 
     </span>
    </p>
   </div>
   <div class='ocr_carea' id='block_1_6' title="bbox 0 0 1566 4990">
    <p class='ocr_par' dir='ltr' id='par_1_7' title="bbox 0 0 1566 4990">
     <span class='ocr_line' id='line_1_49' title="bbox 0 0 1566 4990; baseline 0 0"><span class='ocrx_word' id='word_1_439' title='bbox 0 0 1566 4990; x_wconf 95' lang='lat' dir='ltr'> </span> 
     </span>
    </p>
   </div>
  </div>
 </body>
</html>
