3144 4986
269 301 311 368 56
781 297 932 342 sumserat

270 477 339 524 esse
351 459 472 538 aiunt03
487 455 604 524 malum
615 461 720 523 autem
731 455 915 542 ⁴aliquando
927 480 947 522 a
958 456 1044 540 deo¹‚
1059 455 1243 542 ³aliquando
1256 477 1325 523 esse
1337 477 1438 524 ama-

270 563 350 628 teria
364 565 516 627 asserunt.
555 560 750 626 Salvatorem
769 567 874 626 autem
889 564 921 626 in
937 583 1030 626 earne
1047 568 1163 644 negant
1177 562 1285 627 sedere
1301 561 1341 626 ad
1356 561 1436 626 dex-

271 671 369 730 toram
383 668 492 751 patris,
504 665 560 730 sed
576 663 766 750 exspoliasse
783 677 941 748 carnem,
961 673 993 731 et
1011 672 1154 754 posuisse
1175 670 1209 730 in
1225 666 1323 732 solem
1338 668 1436 730 aesti-

269 775 371 848 maut;
387 771 461 852 quia
475 767 555 832 dixit
569 768 749 854 prophetat,
766 789 836 832 oum
853 772 996 835 nesciant
1010 773 1086 856 quid
1102 773 1229 837 dixerite
1245 771 1285 836 Ia
1300 769 1362 834 soie
1372 791 1437 854 po-

268 875 333 938 suit
344 871 691 937 tohemaoulumeoom.
714 872 900 938 Paradisum
910 875 1068 940 visibilem
1082 875 1231 958 ⁶noganti
1246 872 1438 954 aPlatone¹‚

269 981 301 1040 et
314 975 387 1040 ⁷isti
400 975 592 1040 vanitatibus
609 979 797 1058 servientes,
818 981 850 1040 et
865 979 986 1042 animas
1002 979 1165 1044 hominum
1179 979 1218 1042 de
1234 980 1304 1060 igne
1320 981 1352 1040 et
1365 978 1435 1062 spi·

267 1077 344 1145 ritu¹
359 1099 429 1144 esso
449 1079 651 1143 aestimantes
671 1079 750 1144 ⁸isto
770 1079 956 1166 baptismo¹¹²
978 1102 1040 1147 non
1059 1087 1204 1164 utuntur,
1223 1087 1349 1166 propter
1362 1099 1435 1143 ver·

334 1267 359 1321 4.
371 1265 504 1336 quondam
517 1267 551 1320 A.
597 1265 622 1320 5.
642 1266 773 1336 qnondam
785 1283 843 1322 esse
855 1269 991 1322 materiam
1004 1271 1038 1324 A.
1091 1269 1115 1324 6.
1131 1274 1229 1339 negant
1247 1267 1380 1322 aPlatoua
1399 1268 1434 1320 A.

267 1335 401 1391 affirmant
412 1351 446 1388 ex
457 1333 564 1388 Platone
577 1335 675 1402 reliqui.
722 1335 746 1388 7.
759 1335 816 1388 istis
831 1337 852 1405 p.
905 1335 929 1388 8.
941 1337 985 1390 illo
999 1339 1020 1390 b.

267 1489 362 1544 nabilis
370 1489 825 1560 expertemmatremelementorum,
876 1493 956 1543 oeulis
968 1493 1102 1560 martirem,
1168 1495 1256 1544 ostrum
1273 1501 1297 1543 οι
1304 1491 1436 1560 patticam

267 1559 342 1614 deam
353 1557 454 1614 fatiunt
465 1559 513 1612 deo
528 1563 700 1612 coaeternam.
717 1559 825 1612 Animas
877 1579 925 1612 σου
936 1569 1031 1614 ramam
1044 1562 1138 1614 Λουκίου
1154 1580 1182 1612 us
1194 1563 1239 1613 aed
1250 1565 1324 1612 enum
1333 1564 1437 1630 peoora·-

266 1643 327 1681 rero
340 1627 505 1680 rationabiles
522 1643 574 1680 non
591 1627 665 1679 adeo
678 1627 762 1692 condi,
779 1627 825 1680 sed
877 1629 921 1680 hus
943 1631 980 1681 od
1000 1631 1145 1692 ridendum,
1164 1629 1290 1682 Christum
1311 1630 1436 1680 domimini

267 1696 299 1750 de
310 1695 419 1750 materia
453 1713 480 1748 er
497 1696 605 1764 angelos
621 1702 749 1749 creatores
766 1713 824 1768 pro·
877 1715 929 1748 ease
957 1697 1193 1750 orarunt.”(latena
1232 1695 1436 1758 truminPsalnu

267 1763 328 1818 dire.
358 1713 569 1816 Haeei’hilaster
585 1781 632 1817 suo
649 1780 720 1817 more
738 1765 824 1834 paullo
876 1765 925 1819 XV
951 1765 970 1818 1.
982 1765 1026 1832 „oh
1036 1766 1082 1836 γὰρ
1096 1781 1198 1836 spaerae
1211 1784 1238 1816 ου
1248 1767 1298 1824 τοῖς
1313 1767 1361 1816 τῶν
1371 1762 1437 1832 αἱρε-

267 1833 412 1888 obscurius.
448 1831 504 1898 (F.)
877 1836 950 1884 πικῶν
963 1831 1106 1904 φληνᾶροις,
1119 1834 1143 1884 oi
1154 1851 1225 1903 φασιν
1243 1830 1303 1903 μετὰ
1318 1830 1361 1899 τὴν
1377 1829 1437 1882 ἀνά-

300 1919 322 1956 e.
332 1901 363 1954 de
372 1908 440 1954 terra
449 1917 506 1954 esse
515 1901 599 1968 aiunt]
611 1901 667 1954 1100
676 1907 724 1966 est,
733 1907 763 1954 ut
772 1902 825 1956 iarn
877 1919 961 1954 στασιν
974 1899 987 1954 ὁ
1001 1902 1084 1972 σωτὴρ
1096 1900 1121 1954 ἐν
1131 1907 1159 1968 τῆ
1172 1901 1262 1968 birrani]
1273 1901 1364 1971 σφαίρᾳ
1376 1897 1436 1952 ἀπί-

266 1969 449 2034 demoustrasi,
461 1969 492 2022 de
503 1969 613 2022 materia
622 1969 732 2040 prodire.
753 1969 825 2024 ideo-
877 1971 931 2022 tero
947 1969 962 2023 t
975 1968 1079 2042 ἐφόρησε
1092 1957 1174 2039 effipia,
1188 1957 1350 2040 ρυλᾶττεσνοι
1361 1969 1436 2040 μέχρι

151 2031 162 2048 “
283 2037 824 2159 ιιυΗυιιιιοςυιιυυιιριιᾶΤῙιυοάυιυιυυιΙίῐι.
876 2042 918 2104 τῆς
939 2039 1051 2109 δευτέρας
1072 2057 1107 2091 πο
1123 2039 1231 2100 ουοίας.”
1257 2037 1437 2092 Theodoretna

266 2057 290 2162 i.
309 2108 340 2160 de
357 2107 498 2160 Haeretieis
537 2107 620 2160 abulis
639 2124 660 2160 o.
681 2107 720 2160 19.
738 2107 825 2160 docuit
875 2107 920 2162 lib.
933 2109 1061 2164 Lilaeret.
1071 2058 1161 2162 Faba.
1170 2108 1207 2162 19.
1218 2107 1249 2160 de
1257 2107 1435 2177 Hermogene:

266 2177 347 2230 etiam
358 2175 490 2228 diabolum
502 2181 528 2228 et
537 2175 677 2230 daemonas
687 2175 823 2228 reiuuden-
899 2167 970 2238 οὗτος
996 2177 1025 2228 το
1047 2176 1129 2246 κυρίου
1157 2178 1230 2246 σῶμα
1253 2173 1277 2226 ἐν
1306 2179 1343 2226 τῶ
1368 2174 1436 2246 ἡλίῳ

266 2245 313 2298 dos
331 2245 425 2298 iterum
440 2245 468 2296 iu
484 2245 632 2298 materiam:
653 2244 710 2308 „aba
728 2242 755 2296 hl
772 2241 824 2296 aa·
876 2217 939 2296 iiras
949 2243 1117 2312 daomtasarst'
1129 2244 1159 2298 Iu
1169 2245 1298 2314 excerptis
1307 2228 1437 2296 Theodoti

266 2313 342 2396 poles
363 2312 402 2364 aul
427 2312 484 2372 τοὺς
505 2312 545 2366 δαί
565 2330 621 2372 ovar
647 2309 679 2372 εἰς
699 2311 742 2380 τὴν
763 2312 824 2378 ὓλην
876 2329 936 2384 pag.
949 2313 1007 2368 808.
1022 2311 1060 2380 Ι,ἔν
1073 2317 1109 2382 τῷ
1121 2312 1186 2384 ἡλίῳ
1195 2309 1261 2364 ibero
1273 2311 1302 2364 rh
1315 2311 1437 2382 σκήνωμα

266 2379 481 2452 ανσχεθήσεσῦσι.”
516 2331 571 2446 (db)
877 2381 961 2434 αὐτοῦ.
980 2378 1058 2434 Ἔνιοι
1070 2381 1114 2452 μὲν
1127 2376 1169 2434 οὖν
1182 2399 1240 2499 ροισι
1252 2380 1280 2432 ab
1300 2383 1337 2431 σῶ
1390 2385 1437 2433 τοῦ

299 2449 434 2504 imalum
443 2449 675 2520 aliquandoadeo]
689 2450 771 2504 Mirus
783 2449 825 2504 hio
877 2450 960 2521 κυρίου
976 2448 1125 2520 ἐντῶὴλίῳ
1138 2447 1184 2501 adr
1199 2467 1212 2500 ν
1225 2447 1322 2500 haurite
1355 2446 1437 2518 anisa

264 2519 369 2574 illorum
381 2517 569 2571 haereticorum
578 2523 677 2640 stupor,
690 2525 716 2572 et
724 2519 825 2571 alienus
878 2505 1052 2640 ‘lippogtonri'
1064 2519 1121 2572 Hno
1134 2535 1236 2642 quopue
1249 2518 1282 2572 ls.
1290 2517 1399 2570 Vossius
1411 2534 1436 2572 o.

931 2605 945 2639 e

266 2589 299 2640 ab
320 2588 377 2640 aliis
398 2588 529 2668 plerisque
550 2588 621 2640 omni
640 2604 685 2651 us,
709 2588 754 2657 qui
774 2587 825 2640 duo
876 2586 901 2642 5.
972 2587 1087 2656 ibyllinis
1099 2587 1182 2640 Oraeu

266 2661 404 2710 coaeterna
414 2656 541 2726 principia
553 2661 708 2720 statuerunt,
723 2661 752 2708 ut
763 2657 826 2710 mali
877 2656 940 2709 illud
958 2655 1129 2724 sibyllinum:

266 2741 372 2780 caueam
383 2725 411 2778 in
423 2725 470 2778 deo
483 2725 551 2778 bono
569 2725 647 2778 etiam
664 2729 824 2796 quaererent,
912 2723 973 2792 ,Kal
992 2725 1043 2776 τότ’
1062 2721 1102 2776 ἀπ’
1114 2722 1206 2790 ἠελίοιο
1218 2723 1271 2784 tabe
1284 2721 1374 2795 πέμψει
1390 2723 1437 2792 βοι-

265 2794 425 2848 aoniusolo
437 2793 552 2847 materia
588 2793 644 2859 (F.)
1231 2792 1312 2859 σιλῆυ,

300 2877 326 2932 g.
344 2862 506 2932 exspoliasse
518 2865 633 2929 oannem]
655 2861 684 2914 Id
702 2867 743 2914 est
760 2877 824 2914 exu·
909 2855 957 2922 Ὃς
970 2863 1050 2914 πᾶσαν
1062 2864 1135 2932 γαῖαν
1153 2861 1238 2914 παύσει
1254 2859 1374 2931 πολέμοιο
1391 2879 1438 2912 κοι-

265 2930 358 2984 issese
371 2946 461 2997 earne,
480 2931 642 3000 atqueillam
657 2931 684 2983 in
701 2931 824 2983 soletan·
1230 2930 1309 2982 κοῖο.”
1338 2930 1394 2996 (F.)

266 3015 346 3068 quam
357 2999 444 3052 futuro
462 2999 631 3052 tabernaculo
648 3016 695 3054 suo
714 2999 744 3052 de
765 3015 824 3052 osu·
903 2998 929 3054 h.
942 2997 1149 3070 dixitpropheta]
1162 2997 1437 3068 Psanxvlnnxrx.)

265 3067 327 3120 isse.
352 3067 498 3121 Seleuciani
515 3016 824 3138 atqueIIermianiboee·
876 3067 899 3122 6.
913 3068 969 3136 ll),
991 3069 1064 3120 euius
1086 3067 1136 3120 looi
1157 3067 1225 3119 huno
1247 3083 1354 3120 sensnm
1375 3083 1438 3120 esse

265 3135 330 3188 bant
355 3133 451 3189 Christi
478 3153 522 3189 cor
540 3153 571 3190 us
597 3153 649 3189 non
675 3135 823 3188 ascendisse
875 3135 1437 3208 putatIustinusquaestthadtlrtbodox.

266 3203 335 3257 ultra
345 3205 436 3269 solem,
452 3204 499 3257 sed
514 3154 551 3258 ibi
563 3210 673 3258 exutum
685 3221 701 3258 a
712 3204 824 3268 Christo,
877 3204 952 3269 ,τοὺς
974 3204 1091 3274 οὐρανοὺς
1113 3199 1178 3256 ἔθετο
1199 3205 1318 3276 σκήνωμα
1339 3201 1437 3270 ἡλίσυ.”

265 3272 293 3326 in
305 3289 388 3342 eoque
400 3274 433 3325 ab
450 3274 507 3342 ipso
523 3273 668 3343 depositum
684 3273 778 3336 luisse,
795 3279 823 3326 ut
876 3273 980 3336 (Febr)

265 3347 334 3394 reete
347 3340 512 3409 eJPhilastrio
528 3343 691 3412 Augustinus
708 3347 734 3394 et
748 3341 824 3394 Prae·
914 3343 930 3393 i.
957 3341 1108 3394 Paradisum
1152 3341 1281 3396 risibilem
1319 3343 1436 3411 negant]

266 3408 388 3464 destinati
400 3410 497 3464 Auctor
508 3427 530 3462 c.
542 3410 583 3464 59.
606 3411 728 3480 „Napaei
737 3413 823 3462 anirn-
874 3409 1099 3474 Quemadmodum
1109 3409 1182 3462 initio
1192 3411 1284 3480 eapitis
1293 3409 1359 3462 liber
1368 3411 1436 3464 Sau-

267 3487 343 3532 torem
361 3483 388 3530 ia
404 3497 482 3531 carae
498 3481 585 3532 eadere
601 3481 638 3531 ad
649 3481 765 3531 dextram
773 3497 823 3548 pa·
875 3479 1054 3548 germanensis
1071 3478 1254 3548 suppeditabat
1269 3479 1437 3533 verissimam

267 3550 322 3610 trie,
334 3549 380 3599 sed
391 3551 562 3599 ceremiam
592 3547 824 3616 erhibeat‚earnque
875 3548 1028 3617 scripturam
1046 3564 1119 3612 „cum
1132 3547 1224 3600 volunt
1235 3547 1313 3600 deum
1325 3563 1384 3600 esse
1396 3547 1436 3600 in·

267 3619 293 3666 ia
305 3617 356 3668 sole
364 3615 501 3684 posuisse.'’
518 3567 823 3670 PrehenomvitPearso·
875 3615 1046 3686 corporenm''
1067 3633 1113 3686 pro
1133 3633 1163 3668 eo
1203 3615 1253 3668 uod
1275 3617 1367 3684 vulgo,
1389 3617 1437 3670 sed

266 3684 325 3736 nius
344 3701 368 3753 p.
381 3681 439 3736 482.
457 3683 490 3735 ad
502 3681 668 3752 Symbolum,
690 3685 823 3738 seminum
875 3687 1010 3748 mendose,
1020 3632 1262 3753 scriptumhabetur
1273 3685 1436 3748 „cumdeum

267 3758 444 3805 commentum
465 3752 583 3804 arrisisse
600 3727 771 3817 Manichaeis,
792 3751 823 3806 de
875 3755 966 3806 volunt
979 3770 1035 3806 esse
1048 3753 1230 3824 corporeum‚”
1244 3754 1280 3804 ita
1292 3751 1316 3805 h.
1329 3753 1346 3805 l.
1365 3753 1434 3806 eins·

267 3821 362 3890 quibus
376 3819 552 3874 Nazianzenus
565 3821 639 3890 epist
654 3821 676 3874 1.
689 3821 720 3873 ad
733 3819 823 3873 Gledo·
875 3821 933 3874 dem
946 3823 1005 3875 libri
1023 3839 1072 3891 ope
1084 3821 1277 3874 rescribendum
1294 3827 1350 3874 erat
1370 3839 1436 3887 „ne-

267 3887 351 3974 nipm:
366 3893 429 3954 „aot
439 3887 488 4008 pbp
501 3887 530 3939 rb
543 3891 617 3974 “iiii
626 3893 675 3974 aba,
689 3886 708 3940 al
718 3887 751 3972 μῇ
764 3888 824 3972 perh
876 3891 1014 4010 ρυυιῖοριο
1027 3889 1198 3970 „affirmant”
1210 3890 1321 3970 August
1327 3889 1434 3944 Haeres.

267 3973 317 4075 a
329 3955 624 4096 trellanense
633 3956 823 4091 nisae
874 3959 1435 4096 runi.rtr50'riarr:a.silen:

268 4091 350 4160 θηται,
364 4093 405 4144 ἵνα
420 4111 443 4144 τι
463 4094 509 4163 alpi
522 4092 561 4146 διὰ
573 4097 614 4161 τῆς
627 4079 745 4164 ἀτιμῖας.”
771 4095 823 4148 Αιι-
874 4095 943 4148 tonis
963 4095 1020 4148 loeo
1041 4111 1087 4166 pro
1108 4095 1257 4148 testimonio
1278 4095 1380 4148 ridetur
1396 4097 1434 4150 uti

267 4161 388 4232 gustinus
467 4161 490 4216 2.
503 4167 593 4216 contra
604 4161 728 4216 Faustum
741 4163 824 4230 docet,
874 4163 969 4218 Phaed.
980 4180 1015 4234 pa
1036 4204 1041 4216 .
1056 4163 1111 4216 114.
1124 4163 1151 4216 C.
1167 4163 1226 4228 „sal
1239 4160 1270 4224 εἰς
1283 4160 1387 4228 οἰκήσεις
1400 4161 1435 4216 ἔτι

267 4246 301 4282 ex
312 4227 524 4284 Manichaeorum
537 4232 672 4295 sententia,
684 4237 784 4302 patrem
796 4233 823 4284 in
876 4233 970 4283 τούτων
983 4180 1098 4291 seillam
1111 4230 1273 4301 ἀφικνοῦνται,
1283 4229 1310 4292 ἃς
1321 4231 1377 4284 οὔτε
1390 4231 1434 4304 ῥᾴ-

266 4297 325 4350 luae
340 4297 485 4362 inaccessa,
501 4297 584 4352 filium
600 4301 626 4356 in
643 4301 700 4353 luce
717 4301 779 4353 solis
797 4307 823 4353 et
876 4301 926 4352 διον
940 4299 1050 4366 δηλῶσαι
1057 4301 1071 4322 ”
1084 4307 1142 4354 cett.

266 4365 345 4420 lunae
358 4371 384 4418 et
394 4365 513 4435 spiritum
525 4383 545 4418 s.
563 4368 590 4420 in
607 4367 677 4422 omni
689 4369 756 4421 airis
769 4383 823 4421 am·
907 4369 932 4424 k.
951 4387 985 4424 ex
996 4369 1114 4438 Platone]
1137 4369 1166 4423 In
1178 4368 1314 4426 Phaedone
1331 4387 1357 4440 p.
1374 4370 1435 4426 401.

267 4434 323 4484 bitu
336 4433 511 4486 sedemsuam
522 4433 619 4488 suxisse.
648 4435 681 4488 Et
693 4435 823 4490 Christum
875 4437 980 4502 (Febr.)

268 4499 354 4570 ipsum
371 4517 429 4554 esse
447 4503 529 4554 solem
545 4507 618 4555 tract.
634 4503 675 4555 34.
687 4505 714 4556 ln
731 4503 822 4558 lohan·
915 4507 931 4560 l.
951 4506 981 4558 de
998 4508 1059 4576 igne
1072 4512 1098 4560 et
1113 4507 1218 4577 spiritu]
1239 4507 1335 4561 Auctor
1355 4506 1433 4562 Prae·

269 4583 341 4622 nem:
361 4569 527 4632 „iiaaichoei
541 4573 614 4623 sotem
631 4575 704 4622 ianam
722 4576 824 4625 curaeio
876 4571 997 4630 destinati
1014 4589 1036 4628 e.
1054 4575 1095 4630 59.
1114 4593 1176 4638 „nee
1194 4581 1304 4631 animam
1323 4577 1368 4630 deo
1385 4581 1432 4630 rri-

1202 2603 1215 2638 s
1226 2591 1300 2657 putat
1307 2586 1437 2656 pertinere
