3144 4986
691 243 858 286 ,munos
1309 267 1367 312 m!

212 395 344 480 bbristoj
357 397 515 484 ylebularn
527 398 620 481 bauo,
633 401 743 486 moysi
757 401 832 486 'apri
840 399 1006 485 reliquias,
1021 401 1140 486 adlepi,
1153 398 1367 466 sublevandae

208 520 319 582 matris
335 517 496 584 Ecclesiae
501 517 592 604 firmi
604 520 786 601 durans,
805 517 850 584 Te
858 539 971 605 mayne
979 519 1122 618 praesul,
1138 521 1219 584 tanti
1226 521 1369 606 usystcrri

207 637 460 724 paranymphum
474 659 622 726 reparares
637 650 666 704 et
678 651 806 726 syrten,
827 649 880 704 tuo
893 641 1014 720 merito,
1035 641 1116 704 uotis
1130 641 1256 720 nostris,
1276 659 1367 724 quens

212 751 320 826 Gutta
334 760 442 840 curuis,
458 761 602 824 uirorum
615 779 735 846 suuper
747 761 868 840 autres,
882 761 964 824 inter
975 759 1080 824 doctos
1091 779 1170 844 quos
1181 757 1281 840 babet,
1295 759 1367 822 iure

207 875 420 942 doctissimum
423 901 435 955 ,·
448 877 531 942 inter
544 889 669 944 sarsctos
685 900 762 966 quos
768 879 840 964 fert
852 879 975 960 multus,
990 899 1063 944 uere
1076 880 1304 943 sunctisu'srsuus
1319 879 1366 942 sic

206 1008 294 1062 amru
308 999 497 1084 assumpit,
519 1008 555 1061 at
569 1018 660 1082 quem
674 997 878 1064 Borrornaeis
892 999 1072 1080 adcenssct,
1085 1019 1150 1064 non
1164 998 1220 1062 diu
1234 1000 1276 1063 sit
1290 1019 1363 1084 qae-

207 1119 310 1181 sitnra
318 1119 499 1203 posteritas,
514 1117 674 1182 tlsroluru
695 1119 832 1196 (turclc,
853 1118 909 1182 sed
921 1140 990 1183 sero
1004 1120 1137 1200 utinam,
1152 1120 1363 1182 conuaissara.

205 1237 261 1317 As,
276 1236 363 1317 bueo,
379 1237 515 1318 tantilla,
531 1237 624 1318 tues,
640 1239 698 1322 qui
710 1247 799 1302 tants
815 1235 946 1302 dsbeasl
960 1238 1015 1302 sed
1028 1239 1182 1304 dsddsric
1195 1259 1263 1302 mco
1276 1240 1317 1302 sit
1330 1239 1364 1302 iu

89 1389 91 1393 ·
205 1357 450 1441 processeratis,
465 1365 502 1420 ut
516 1357 739 1442 cuiprauioris
750 1377 864 1444 operae
877 1355 889 1440 b
901 1359 1061 1422 mounes
1072 1358 1269 1439 destinamus,
1282 1358 1364 1438 oliva,

208 1473 320 1540 babeat
332 1477 458 1540 interim
471 1485 575 1540 testem
589 1476 671 1542 banc
679 1477 887 1562 professionis
905 1497 969 1542 non
982 1478 1128 1563 inyrctoe
1139 1499 1271 1564 prorsas
1291 1499 1364 1564 ryn-

207 1593 363 1680 prcplscns
377 1616 459 1680 quae
473 1593 533 1660 tibi
543 1615 591 1660 nse
604 1615 725 1682 serrsper
737 1594 920 1662 obsntrncn
939 1607 968 1662 ct
987 1596 1154 1680 beneficiis,
1174 1597 1324 1683 loquatur
1337 1606 1366 1662 et

209 1715 344 1800 easmplo
364 1713 439 1780 Tibi
452 1713 713 1800 obsequentissim.
754 1713 798 1782 Cb
814 1716 1000 1784 Menardus.
1035 1715 1207 1803 Iulionsapi
1217 1715 1366 1782 Antion

208 1833 291 1920 prid
306 1832 391 1902 Non.
407 1833 494 1922 Any.
510 1833 609 1900 1616.

269 1955 510 2020 consultabat
530 1955 746 2042 Aapnstinurn
774 1953 1007 2035 Quodvultdeus
1031 1967 1062 2020 et
1081 1955 1225 2022 bereseon
1240 1954 1368 2042 petebat

208 2073 336 2156 indices,
357 2075 443 2160 quod
454 2076 555 2140 carius
574 2076 780 2162 scriptionum
798 2076 915 2160 uipiliis
935 2085 1106 2162 ocorspatus
1124 2097 1225 2158 screa,
1245 2077 1367 2142 cussus

210 2193 274 2275 diu,
288 2204 320 2258 et
333 2195 378 2258 ad
390 2193 577 2282 Hieronymi
589 2206 759 2262 tractaturos
777 2196 887 2260 similis
906 2197 1085 2281 arpnmcnti
1097 2196 1195 2260 coluit
1213 2198 1366 2262 seusun

210 2312 279 2378 licet
292 2315 468 2400 quaesitum
482 2337 544 2402 per
565 2313 690 2382 abactas
703 2335 779 2380 suas
794 2313 882 2380 baud
889 2317 1031 2400 potuerit
1042 2317 1197 2398 inuenire,
1211 2315 1269 2382 boc
1283 2317 1365 2380 testi·

207 2435 311 2498 nsonio
326 2433 419 2500 docta
428 2437 598 2520 posteritas
611 2437 772 2502 iacturam
783 2435 886 2500 doluit
898 2457 1017 2522 semper·
1031 2446 1060 2500 et
1074 2446 1183 2522 questa
1195 2446 1249 2501 est.
1289 2433 1367 2502 Cum

207 2554 308 2640 ipitar
321 2555 404 2620 inter
418 2555 555 2620 coriolos
564 2565 737 2642 putresque
749 2555 946 2622 menbranae
960 2567 1035 2642 post
1048 2555 1168 2622 Isidori
1185 2559 1292 2642 capita
1305 2555 1365 2620 ali·

207 2684 283 2759 quot
297 2672 351 2738 lib.
367 2671 398 2738 8.
415 2674 453 2740 de
466 2673 664 2760 Plriloscpbis
675 2677 816 2762 pontium
835 2687 864 2740 st
878 2677 1006 2741 coeteros
1026 2677 1167 2762 adusque
1181 2673 1257 2740 libri
1273 2675 1366 2740 buius

206 2793 298 2868 tinem
316 2793 510 2880 Opusculans
522 2793 581 2860 sub
595 2793 782 2882 Hieronymi
792 2797 915 2860 norrunc
926 2796 1110 2882 lurcones,
1124 2794 1182 2862 boc
1195 2795 1295 2877 titulo,
1309 2793 1365 2859 ln·-

207 2915 285 3000 cipit
303 2911 470 2980 indiculus
488 2913 677 3002 Hieronymi
697 2915 734 2980 de
754 2913 903 2980 haeresib.
923 2914 1003 2980 nibil
1019 2917 1186 3002 indiynuru
1202 2916 1304 3000 orbum
1323 2925 1367 2980 est

207 3035 289 3100 tossti
298 3036 403 3120 patris
417 3033 497 3121 stylo
509 3055 659 3120 curaque,
669 3035 726 3100 sed
735 3035 845 3120 aliquo
860 3043 905 3100 tot
912 3055 993 3120 peuc
1002 3035 1103 3100 ser-to
1115 3035 1276 3122 catulopns
1286 3037 1366 3100 scri-

203 3163 333 3238 pturum
347 3151 439 3218 babet
452 3153 622 3236 haesimus,
643 3165 746 3219 tamea
765 3153 997 3238 aliquantulum
1018 3163 1088 3220 cum
1100 3157 1135 3220 in
1149 3153 1366 3242 bna'serianis

207 3271 298 3338 babet
311 3271 370 3338 lscc
384 3293 483 3358 usquc
497 3273 587 3359 apud
600 3273 758 3358 quendam
771 3283 888 3354 tanton,
909 3275 998 3338 cuius
1011 3297 1122 3340 norun
1134 3277 1170 3340 in
1183 3275 1289 3340 eodem
1300 3275 1366 3340 dut

209 3391 359 3478 opusculo
372 3413 437 3458 nou
450 3393 558 3458 inueni
568 3394 605 3458 in
619 3391 783 3458 baereticis
798 3393 1003 3478 luciferianos
1013 3396 1133 3479 positos
1148 3395 1210 3482 lepi
1216 3415 1278 3481 per
1291 3393 1367 3460 boec

208 3509 319 3593 uerba,
341 3533 423 3597 qnae
442 3510 492 3578 bic
511 3511 603 3578 babet
622 3513 748 3578 totidcra
766 3511 895 3598 syllabis
920 3523 956 3578 ut
974 3535 1094 3580 necesse
1109 3514 1216 3599 suerit
1237 3515 1366 3600 iynora·

208 3639 281 3712 isan,
291 3633 489 3698 suessano
502 3634 583 3714 ciro,
594 3631 671 3698 libri
678 3632 922 3719 Hieronymiani
930 3633 1063 3700 titulum.
1088 3630 1253 3718 Quidquid
1259 3633 1301 3696 sit
1311 3631 1368 3696 lsoc

207 3750 403 3816 oenuandus
417 3753 616 3837 antiquitatus
629 3763 862 3819 monunsentam
873 3775 938 3820 noa
948 3755 1055 3839 perire
1070 3753 1152 3818 tanti
1160 3751 1240 3836 suit.
1281 3749 1366 3816 Vale.

264 3869 316 3938 Dc
330 3875 455 3938 suctus
469 3871 562 3938 buius
582 3871 725 3958 opusculi
744 3872 824 3940 nibil
843 3878 967 3939 constat
985 3873 1047 3938 nisi
1059 3871 1286 3954 Hieronymum
1304 3889 1367 3936 uon

209 4008 285 4054 esso.
309 3989 469 4068 Quasdam
483 3993 551 4058 cius
565 3993 737 4077 particulas
752 3999 828 4060 sunt
840 4013 879 4058 cx
893 3992 1077 4074 Hieronymi
1090 3990 1129 4056 dc
1139 3989 1368 4058 Ecclesissticis

208 4107 418 4195 scriptoribus
431 4109 511 4176 libro
526 4114 689 4198 repetitus,
702 4111 765 4178 ulis
779 4133 818 4178 cx
832 4111 961 4193 Isidoro,
981 4109 1044 4176 aliu
1058 4131 1096 4176 cx
1117 4109 1289 4192 usuratio,
1308 4108 1369 4173 ulis

81 4277 89 4298 .
209 4245 246 4290 cx
260 4227 345 4310 aliis,
359 4231 475 4316 purtim
489 4231 735 4316 antiquioribus,
755 4231 960 4318 scriptoribus
982 4230 1154 4316 desumpta.
1188 4231 1232 4296 Io.
1252 4230 1289 4294 A.
1308 4227 1368 4294 Fu-

210 4341 323 4413 bricius
333 4348 417 4413 bunc
431 4347 665 4452 libellumlsuse
676 4349 826 4418 Philsstri
840 4349 971 4417 editioni
982 4349 1106 4433 addere,
1120 4355 1192 4436 post
1205 4355 1321 4431 sutem,
1334 4353 1371 4412 ut

211 4475 311 4532 uurrst
324 4471 358 4534 iu
373 4467 569 4536 Pruslutioue
585 4469 626 4538 cd
640 4470 803 4538 Philustrii
817 4471 941 4555 librum,
957 4475 1098 4558 scpsrcto
1119 4469 1192 4536 durs
1211 4467 1369 4534 volumius
