3112 4986
300 243 365 310 210
801 239 954 286 uueusrmr

304 401 331 462 si
341 402 472 463 utuntur
482 397 675 480 coniugibus,
687 403 874 484 conceptum
884 405 990 464 tamen
1000 400 1295 484 generationemque
1307 398 1453 479 devitent,

303 522 343 566 ne
358 501 465 566 divium
478 499 663 583 substantia,
678 503 805 585 quaein
820 522 873 567 ecs
888 521 944 587 per
958 502 1107 568 elimenta
1120 501 1308 585 ingreditur,
1323 499 1455 568 uinculis

304 607 424 670 carneis
438 604 550 686 ligetur
564 606 598 668 in
612 602 708 688 prole.
744 604 796 670 Sic
812 607 927 690 quippe
942 607 976 670 in
990 623 1115 670 omnem
1130 624 1271 686 carnem,
1291 603 1325 670 id
1340 612 1389 670 est
1404 625 1456 690 per

295 727 390 771 escas
405 712 438 772 et
450 713 543 791 potus
557 709 663 770 venire
678 707 798 770 animas
813 707 952 772 credunt.
988 706 1079 772 Unde
1099 710 1225 792 nuptias
1243 710 1312 772 sine
1332 707 1457 772 dubita·

301 811 384 876 tione
399 809 609 874 condemnant
624 815 665 890 et,
680 812 878 894 quantumin
893 811 971 895 ipsis
986 816 1044 891 est,
1059 810 1241 895 prohibent,
1260 810 1386 894 quando
1401 831 1454 892 ge·

302 931 410 976 narare
426 912 602 998 prohibent,
617 917 743 996 propter
758 911 840 996 quod
855 915 998 996 coniugia
1012 913 1186 998 copulanda
1200 917 1282 976 sunt
1310 911 1414 978 Adam
1428 919 1458 976 et

302 1015 399 1080 Euam
419 1035 459 1079 ex
476 1014 658 1100 parentibus
677 1000 873 1100 principibus
890 1016 968 1080 furni
987 1021 1132 1080 asserunt
1150 1021 1258 1097 natos,
1278 1036 1351 1080 cum
1370 1021 1457 1101 peter

303 1138 411 1184 eorum
424 1119 552 1184 nemine
566 1115 674 1182 Seolas
689 1120 843 1182 sociorum
857 1118 939 1182 fetus
955 1121 1094 1184 omnium
1109 1117 1304 1200 devorasset,
1319 1123 1352 1180 et
1366 1117 1456 1202 quid·

303 1219 465 1306 quidinde
480 1222 682 1284 commixtum
697 1219 821 1285 divinae
836 1221 1029 1286 substantiae
1045 1227 1179 1306 ceperat,
1194 1241 1265 1286 cum
1274 1241 1372 1286 uxore
1384 1241 1456 1288 cen·

303 1323 453 1390 cumbens
472 1325 506 1387 in
526 1326 618 1386 carne
638 1323 734 1408 prolis
748 1331 898 1408 tanquam
912 1327 1111 1389 tenacissimo
1132 1323 1256 1388 vinculo
1272 1323 1456 1406 colligasset

301 1426 462 1492 Christum
476 1426 688 1490 autemsuisse
702 1427 860 1491 affirmant
882 1447 974 1511 quem
995 1427 1072 1492 dicit
1090 1433 1197 1492 nostra
1217 1428 1372 1512 scriptura
1392 1445 1455 1492 ser·

301 1537 439 1614 pentem,
453 1549 472 1592 a
487 1549 546 1612 quo
558 1527 749 1593 illuminatos
760 1537 914 1610 asserunt,
929 1533 965 1594 ut
975 1531 1161 1612 cognitionis
1173 1529 1278 1594 oculos
1290 1532 1456 1614 aperirent

303 1632 465 1697 othonum
485 1631 664 1715 malumque
687 1631 920 1714 dignoscerent:
944 1651 1075 1716 eumque
1098 1633 1257 1697 Christum
1277 1633 1456 1697 novissimis

300 1733 492 1820 temporibus
504 1735 629 1798 venisse
639 1732 679 1798 ad
691 1737 822 1818 animas,
833 1755 895 1799 non
906 1735 947 1800 ed
959 1755 1087 1820 corpora
1097 1735 1268 1800 liberanda.
1289 1733 1457 1800 Necfuisso

302 1842 336 1903 in
351 1859 444 1903 carne
458 1857 547 1919 vera,
567 1836 624 1900 sed
639 1836 816 1902 simulatam
831 1841 968 1922 speciem
983 1841 1086 1902 carnis
1100 1837 1297 1902 ludificandis
1311 1837 1456 1902 humanis

303 1939 447 2006 sensibus
462 1939 653 2024 praebuisse,
668 1940 723 2004 ubi
737 1959 800 2004 non
815 1940 915 2005 solum
929 1947 1072 2022 mortem,
1086 1961 1196 2005 verum
1210 1943 1305 2004 etiam
1319 1959 1455 2006 resurre-

303 2047 438 2109 ctionem
453 2042 596 2108 similitsr
609 2045 804 2108 mentiretur.
839 2042 941 2109 Deum
963 2045 1017 2128 qui
1030 2043 1131 2126 legem
1148 2063 1204 2130 per
1217 2043 1346 2127 Moysen
1362 2041 1456 2125 dedit,

303 2153 335 2210 et
348 2148 382 2210 in
395 2145 547 2210 Hebraeis
561 2145 721 2230 prophetie
736 2145 858 2211 locutus
879 2151 943 2228 est,
963 2165 1026 2211 non
1048 2167 1117 2210 esse
1139 2165 1248 2212 verum
1270 2145 1381 2230 deum,
1402 2145 1455 2212 sed

301 2269 399 2314 unum
414 2248 659 2334 exprincipibus
673 2249 883 2314 tenebrarum.
919 2250 1082 2336 Ipsiusque
1097 2250 1278 2314 testamenti
1292 2251 1365 2314 nevi
1380 2250 1453 2314 scri-

302 2360 409 2438 pturas
423 2357 573 2435 tanquam
587 2349 748 2416 infalsatas
763 2352 807 2415 ita
821 2351 943 2435 legunt,
961 2357 997 2416 ut
1015 2354 1099 2435 quod
1112 2351 1269 2418 volueriut
1286 2347 1359 2416 inde
1375 2353 1456 2418 acci·
1540 2371 1541 2376 ¹

301 2457 405 2539 piant,
424 2453 508 2540 quod
527 2453 639 2520 nolunt
657 2455 814 2535 reiiciant,
835 2457 942 2538 eisque
962 2453 1143 2540 ¹²tanquam
1162 2459 1263 2519 totum
1276 2465 1387 2520 verum
1401 2454 1454 2520 ba·

302 2557 413 2625 bentes
427 2557 593 2622 nonnullas
608 2557 801 2644 apocryphas
817 2562 1017 2642 anteponant.
1051 2557 1324 2622 ¹³Premissionem
1338 2557 1453 2624 domini

301 2661 372 2725 lesu
387 2659 502 2725 Christi
517 2659 556 2724 de
571 2658 720 2744 paraclito
736 2661 846 2745 spiritu
867 2665 974 2725 sancto
994 2661 1028 2724 in
1048 2679 1104 2724 suo
1125 2659 1343 2725 haeresiarcha
1355 2661 1454 2726 Muni-

302 2765 397 2828 chaeo
413 2763 522 2826 dicunt
535 2779 605 2826 esse
620 2761 814 2847 completam.
844 2761 935 2828 Unde
951 2783 984 2827 se
999 2764 1032 2828 in
1048 2765 1113 2828 suis
1128 2761 1241 2826 litteris
1255 2761 1326 2828 Iesu
1341 2763 1454 2830 Christi

302 2865 476 2952 apostolum
491 2865 581 2946 dicit,
601 2885 637 2930 eo
657 2863 740 2948 quod
753 2861 840 2929 Iesus
855 2864 998 2930 Christus
1018 2887 1050 2930 se
1070 2867 1241 2932 missurum
1255 2883 1325 2930 esee
1339 2869 1455 2951 promi·

301 2972 392 3050 serit,
413 2975 504 3052 atque
518 2967 621 3032 inille
636 2968 757 3031 miserit
771 2969 916 3052 spiritum
930 2975 1083 3034 sanctum.
1119 2967 1249 3054 Propter
1263 2967 1347 3052 quod
1362 2971 1456 3035 etiarn

301 3074 368 3156 ipse
383 3071 583 3136 Manichacus
601 3067 765 3134 duodecim
784 3069 953 3156 discipulos
973 3071 1098 3153 habuit,
1118 3071 1158 3136 ed
1177 3074 1278 3136 instar
1295 3071 1457 3157 apostolici

302 3176 439 3255 numeri,
455 3191 547 3256 quem
562 3191 726 3238 numerum
740 3172 915 3237 Manichaei
929 3173 1082 3258 hodieque
1098 3173 1287 3238 custodiunt
1323 3173 1407 3240 Nam
1421 3195 1457 3240 ex

302 3277 410 3342 electis
426 3277 491 3340 suis
505 3274 624 3340 habent
639 3273 813 3356 duodecim,
829 3295 905 3361 quos
920 3276 1080 3362 appellant
1093 3277 1271 3359 magistros,
1286 3281 1318 3341 et
1330 3280 1457 3344 tertium

304 3379 460 3446 decimum
479 3379 654 3463 principem
670 3380 824 3463 ipsorum3
845 3381 1007 3464 episcopus
1027 3384 1131 3444 autern
1152 3381 1353 3464 septuaginta
1369 3378 1457 3462 duca

302 3485 355 3567 qui
371 3481 552 3547 ordinantur
566 3482 773 3564 magistris,
789 3487 821 3546 et
834 3479 1048 3566 presbyteros,
1069 3484 1122 3566 qui
1137 3481 1322 3546 ordinantur
1335 3481 1376 3548 ab
1392 3485 1456 3568 epi·

303 3587 396 3672 sopis.
431 3583 557 3648 Habent
578 3585 672 3660 etiarn
692 3585 829 3668 episcopi
848 3582 1004 3650 diaconos.
1040 3583 1107 3648 Iam
1127 3587 1224 3649 ceteri
1242 3585 1456 3652 tautummodo

303 3689 394 3752 electi
407 3691 566 3752 uocantur.
603 3684 666 3750 Sed
685 3687 852 3751 mittuntur
872 3688 966 3750 etiam
985 3689 1047 3771 ipsi
1066 3689 1119 3772 qui
1137 3687 1286 3752 videntur
1299 3685 1404 3753 idonei
1417 3687 1456 3752 ad

302 3791 385 3854 hunc
400 3807 534 3854 errorem
549 3787 598 3852 vel
612 3788 667 3852 ubi
681 3797 730 3853 est
743 3787 983 3852 sustentandum
997 3794 1030 3851 et
1048 3789 1240 3873 augendum,
1259 3789 1310 3854 vel
1322 3789 1379 3856 ubi
1393 3811 1453 3856 non

303 3900 351 3957 est
365 3895 460 3956 etiam
475 3889 700 3956 seminandum.
736 3890 936 3976 Baptismum
954 3893 989 3956 iu
1003 3911 1084 3976 aqua
1097 3893 1176 3958 nihil
1191 3896 1337 3978 cuiquam
1351 3893 1456 3978 perbi-

305 3996 379 4060 bent
393 3995 502 4059 salutis
516 3995 641 4076 efferre,
660 4013 719 4058 nec
740 4013 928 4080 quemquam
948 4013 1054 4060 eorum
1074 4015 1151 4078 quos
1172 3995 1335 4082 decipiunt
1353 3995 1455 4081 bapti·

303 4097 563 4183 randumputant.
586 4096 748 4162 Orationes
755 4095 874 4162 faciunt
881 4096 921 4160 ad
929 4097 1027 4162 solem
1034 4117 1091 4182 per
1099 4097 1193 4180 diem,
1208 4117 1456 4184 quaquaversum

209 4227 211 4230 ·
304 4203 430 4279 circuit,
451 4199 490 4264 ad
505 4199 612 4266 lunam
626 4205 836 4285 pernoctem,
856 4202 884 4265 si
899 4206 1041 4285 apparet3
1063 4203 1090 4265 si
1110 4207 1214 4268 autem
1234 4221 1298 4267 non
1318 4209 1457 4288 apparet,

356 4456 393 4509 12.
404 4455 449 4508 Sic
460 4463 554 4508 ceteros
568 4455 643 4510 MSS.
678 4457 717 4508 Aa
731 4457 795 4512 editi
805 4461 849 4510 teu
868 4473 930 4512 uam
950 4472 1003 4514 uon
1019 4463 1102 4516 soum
1118 4461 1207 4514 uum
1219 4453 1376 4512 habentibus
1392 4477 1456 4516 nou·

303 4525 388 4576 nullas
405 4533 461 4577 eeu.
480 4521 599 4592 (Benud.)
652 4522 691 4577 13.
701 4521 809 4580 lotam.
821 4471 891 4582 XCI.
903 4527 927 4581 7.
