3100 4980
1199 242 1262 308 399

95 394 138 448 illi
149 393 240 448 Iudaei
255 395 378 466 principis
394 395 542 448 sacrdotum
557 395 619 460 filii,
633 395 660 448 in
695 411 742 448 uos
760 395 833 464 (dum
844 394 932 448 nescio
948 409 1000 463 qua
1010 409 1079 446 tana
1090 395 1174 467 gloria
1185 394 1263 459 ducti,

96 479 154 516 uon
167 463 301 516 credentes
312 464 340 518 in
351 463 446 529 Iesum,
462 463 602 516 daemonia
614 481 646 516 ex
666 411 742 517 epm
754 464 856 526 volunt)
872 463 1055 516 daemoniacus
1067 463 1165 526 insiliIt,
1178 469 1204 516 et
1215 463 1263 516 rui·

97 547 158 584 sere
170 549 216 584 eos
229 530 333 586 afflixit.
360 531 425 584 dota
442 537 525 601 apost.
537 548 592 602 cap.
605 531 644 586 XI
674 547 760 587 .vers.
780 531 819 586 16.
838 539 863 584 et
879 531 944 584 inibi
962 529 1133 584 oecumenius
1146 537 1172 584 et
1182 531 1261 584 Beda

96 599 171 652 Petri
183 599 263 654 Siculi
273 599 383 654 historia
392 615 452 670 pag.
465 600 506 654 57.

153 699 216 772 Gap.
227 701 361 754 LXXXV.
373 733 406 742 -
428 702 516 772 Signis
529 708 555 756 et
584 703 691 774 rodlgiis
704 703 801 755 clarum
811 701 868 756 fieri
880 701 1055 756 Christianum
1067 719 1119 754 non
1131 703 1261 770 sanctum]

98 769 248 840 Cyprianus
265 770 296 822 de
311 771 376 824 unit.
394 771 484 824 eccles.
500 772 545 826 Iol.
564 721 621 824 im.
649 771 807 840 Propheture
825 779 849 823 et
864 773 997 824 doemonia
1014 772 1153 833 esciadcrc,
1171 781 1195 824 et
1210 775 1262 822 oir-

98 847 165 890 tutes
176 855 285 922 mcpnaa
297 841 323 889 in
336 843 516 922 malefacere,
529 841 735 922 sublimitatemque
747 849 771 922 ct
782 841 943 922 admirabilia
955 857 996 922 res
1008 848 1055 921 est,
1070 857 1116 922 tion
1129 849 1210 922 tamen
1223 857 1262 890 re·

96 909 544 1044 ttlltiltttttl²tt.t'⁸
565 907 1262 1044 l‘'titlltl?tulttptttttti}illiti}

98 1041 228 1099 Albanas.
240 1044 273 1096 ad
285 1043 403 1096 Antioch.
414 1049 512 1114 quaest.
522 1043 596 1097 LXX
626 1045 690 1101 VIII.
708 1046 748 1097 Au
788 1045 846 1098 stin.
857 1045 887 1096 de
899 1061 1011 1098 sermon.
1026 1044 1124 1096 domini
1135 1043 1162 1096 in
1173 1049 1262 1096 monte

98 1111 147 1165 fol.
158 1111 218 1167 832.
237 1113 389 1166 Ambrosius
401 1114 429 1166 in
441 1114 515 1184 epist.
528 1112 603 1166 Pauli
614 1113 645 1166 ad
658 1113 746 1167 Coriut
766 1154 771 1165 .
783 1111 803 1166 I.
815 1129 871 1183 cap.
884 1112 954 1167 XIII.

153 1213 216 1286 Cap.
228 1213 373 1268 LXXXVI.
386 1243 418 1254 ·-
436 1215 528 1268 Nullus
540 1220 645 1268 sanctus
658 1221 684 1268 et
695 1216 778 1268 iustus
792 1222 862 1268 curet
870 1218 987 1284 peccato]
1006 1211 1105 1295 ’.ΕπειδὴΙ
1118 1213 1146 1266 rb
1160 1213 1202 1285 pir
1233 1233 1262 1281 η·

102 1281 143 1364 tay
156 1281 271 1403 &prepucia
284 1281 333 1335 ἐστι
346 1283 410 1404 desig
423 1283 516 1364 {aljis
529 1283 626 1355 πρώτης
639 1283 679 1335 rai
691 1281 819 1366 duupiirou
833 1284 935 1364 pictura,
953 1289 983 1336 ut
994 1288 1030 1334 art
1040 1282 1163 1364 Narrant.
1173 1283 1204 1336 de
1215 1233 1261 1364 ga.

99 1349 1261 1501 {littletati.§.ft{lituIlluciamstlitilltllutltltt

101 1489 227 1570 adversm
244 1489 289 1540 Pel
334 1506 379 1540 um
395 1489 428 1569 ad
444 1488 637 1558 Ctesiphontem
654 1497 716 1542 torn.
728 1490 748 1544 1.
760 1489 805 1542 iol.
818 1489 875 1570 266.Ι
887 1497 912 1542 et
929 1493 1045 1558 sequent.
1072 1485 1191 1541 Clemens
1203 1489 1262 1541 Ale·

99 1557 247 1638 xaudrmps
260 1504 398 1626 παᾜγωγ.
411 1557 456 1638 lib:
466 1557 485 1610 I.
498 1574 554 1628 cap.
566 1557 598 1610 II.
625 1557 750 1612 Athenas.
767 1557 799 1610 ud
816 1557 934 1612 Autrooh.
946 1562 1046 1637 quaest.
1059 1555 1203 1610 CXXXVI.
1211 1557 1260 1638 'Iol

99 1623 160 1679 339.
175 1625 206 1678 de
218 1631 342 1680 incarnat.
359 1625 457 1678 domim
474 1625 518 1678 Iol.
530 1625 588 1680 462.
617 1625 768 1680 Theodoret.
792 1627 823 1678 de
840 1627 927 1679 select.
943 1643 964 1678 s.
981 1641 1031 1677 serr
1050 1630 1099 1680 tur.
1117 1632 1261 1694 quaestion.

100 1700 204 1763 quaest.
217 1693 263 1746 IX.
280 1695 442 1763 Augustinus
455 1694 486 1746 ds
498 1701 625 1764 peccator.
637 1697 735 1748 meritis
748 1702 773 1748 et
784 1696 883 1748 remiss.
892 1695 936 1746 lib.
946 1693 977 1747 II.
990 1711 1010 1746 e.
1043 1693 1074 1747 II.
1084 1694 1111 1745 in
1120 1692 1261 1746 enchiridio

100 1761 134 1814 ad
146 1761 268 1816 Laurent.
280 1779 336 1830 cap.
349 1762 440 1815 LXIII.
470 1761 634 1817 Bernhardus
651 1764 682 1815 de
697 1764 798 1816 natirIt.
811 1763 908 1816 domini
923 1779 999 1815 serm.
1011 1761 1031 1816 I.
1050 1761 1208 1815 Souomenus
1221 1779 1261 1815 ec·

101 1831 214 1882 clesisst.
231 1829 319 1884 histor.
336 1831 380 1883 lib.
399 1831 452 1883 Vll.
472 1847 502 1884 ca
522 1871 527 1882 .
543 1831 614 1886 XVI.
643 1831 803 1902 Nicephorus
821 1831 941 1884 Callistus
958 1832 1002 1884 lib.
1019 1827 1077 1883 XII.
1094 1847 1149 1900 cap.
1162 1829 1259 1885 XXIV.

101 1897 279 1952 Tertullianus
292 1900 323 1952 de
336 1899 423 1952 enims
434 1915 491 1970 cap.
530 1899 571 1954 LI.

152 2001 212 2054 Ideo
224 2002 349 2054 veraciter
360 2019 451 2056 omnes
463 2002 546 2054 sancti
557 2019 585 2054 se
596 2003 769 2072 pronunciant
777 2003 936 2072 peccatores]
954 2000 980 2054 S.
992 1999 1120 2054 Iohannes
1129 2001 1203 2070 epist.
1213 1999 1261 2054 Ca·

100 2068 183 2121 tholic
194 2069 213 2123 I.
224 2085 246 2123 c.
258 2069 276 2124 I.
286 2069 340 2122 Iob.
350 2087 371 2123 c.
381 2071 450 2122 XIV.
467 2070 615 2124 Ecclesiast.
627 2088 649 2124 c.
662 2071 717 2124 VII.
735 2070 879 2140 Cyprianus
891 2071 922 2122 de
935 2075 998 2122 orat.
1008 2069 1139 2122 dominica
1149 2069 1193 2122 iol.
1203 2069 1260 2122 245.

99 2139 266 2206 Augustinus
283 2137 313 2190 de
329 2139 422 2208 spiritu
438 2145 464 2190 et
478 2140 552 2192 litera
568 2139 600 2192 ud
616 2140 758 2194 Marcellin.
771 2155 802 2192 ca
821 2139 870 2194 .II.
888 2145 951 2192 tom.
963 2137 998 2190 X.
1011 2137 1042 2190 de
1054 2138 1139 2191 verbis
1151 2137 1262 2208 apostoli

100 2223 214 2259 sermen.
226 2205 328 2259 XXIX.
354 2206 493 2260 Cassianus
506 2208 590 2260 collat.
602 2207 687 2260 XXII.
700 2223 729 2261 ca
751 2251 756 2262 .
770 2157 839 2260 xiil.
868 2207 1017 2276 Hieronpm.
1030 2213 1119 2262 centra
1129 2206 1260 2277 Pelagian.

100 2275 147 2329 lib.
160 2273 204 2329 llI.
215 2291 270 2345 cap.
282 2275 313 2328 V.
329 2273 446 2330 Lactant.
459 2276 502 2328 lib.
516 2275 558 2330 Vl.
571 2292 626 2346 cap.
639 2275 709 2328 XIII.
727 2225 816 2329 isidor.
829 2276 971 2346 Synonym.
983 2276 1028 2328 lib.
1039 2275 1059 2327 I.
1070 2275 1114 2328 Iol.
1127 2274 1185 2330 312.
1242 2319 1245 2330 .

153 2375 216 2446 Cap.
231 2375 388 2430 LXXXVII.
406 2407 440 2417 -·
467 2376 566 2430 Pascha
586 2383 646 2430 ante
661 2384 853 2448 transgressum
874 2378 985 2430 vernalis
1006 2377 1173 2446 aequinoctii]
1204 2375 1260 2439 Quo

100 2461 193 2498 mense
211 2445 294 2498 audie
311 2445 445 2498 celebritas
458 2463 477 2500 s.
489 2444 600 2516 paschae
612 2447 655 2516 agi
673 2447 788 2511 deberat,
804 2447 874 2499 varie
891 2446 958 2516 apud
974 2453 1072 2498 veteres
1089 2445 1261 2515 disceptatum

99 2513 160 2568 fuit.
179 2513 268 2566 Sancti
279 2514 397 2583 apostoli,
414 2515 548 2567 Anatolins
565 2521 590 2566 et
607 2513 782 2568 Occidentales
799 2532 882 2584 usque
898 2515 930 2567 ad
946 2513 1087 2578 Oceanum,
1103 2521 1162 2584 post
1173 2513 1261 2583 aequi·

99 2582 218 2635 noctium
234 2583 350 2635 vernale:
372 2581 439 2636 Galli
458 2582 498 2634 die
514 2583 580 2636 VIII.
596 2583 652 2636 llal.
669 2585 691 2636 A
710 2584 749 2636 ril.
765 2583 811 2636 Pol
825 2591 914 2644 ¹cretes
930 2581 1100 2653 Ephesiorum
1116 2599 1129 2634 e
1148 2583 1260 2652 iscopus,

100 2649 171 2718 Syri,
183 2649 285 2731 Cilices,¹
296 2651 477 2720 Mesopotamii
489 2655 515 2703 et
526 2652 615 2704 Asiani
627 2601 799 2704 cumiudasis
811 2601 878 2706 XIV.
890 2653 954 2703 luna
965 2667 1117 2721 quacunque
1130 2599 1170 2702 iis
1182 2651 1260 2720 septi-

99 2735 203 2782 manae,
217 2719 364 2771 omnimodo
377 2719 570 2772 observandum
581 2717 681 2772 Pascha
693 2719 820 2775 dicebant.
852 2719 916 2772 Cum
932 2721 1013 2788 igitur
1028 2717 1076 2772 hae
1092 2720 1157 2772 tales
1174 2719 1260 2772 obser·

99 2787 221 2840 vationes
232 2803 278 2856 per
294 2789 411 2857 singulas
427 2789 572 2858 provincias
589 2795 744 2852 tenerentur,
762 2805 814 2841 non
832 2789 922 2842 leviter
939 2787 1084 2840 centustati
1100 2792 1161 2840 sunt
1176 2802 1260 2839 sacer-

100 2854 184 2920 dotes,
197 2871 227 2908 eu
240 2856 308 2924 quod
321 2872 337 2907 a
371 2856 445 2908 uibus
457 2871 509 2908 una
526 2856 590 2908 fides
602 2856 773 2926 profiteretur,
789 2873 878 2910 sorum
891 2856 1056 2908 dissentirent
1067 2855 1170 2908 ieiunia.
1199 2853 1259 2907 Pius

99 2924 183 3002 igitur
197 2923 296 2994 primus
313 2930 339 2976 et
352 2871 442 2976 Victor
458 2924 589 2976 Romanae
606 2925 676 2976 urbis
693 2926 815 2994 epIscopi,
833 2923 892 2977 huie
908 2925 977 2976 male
993 2923 1096 2994 publico
1109 2923 1205 2975 mederi
1217 2939 1261 2976 cu·

100 2999 204 3062 pientes
225 2991 411 3045 ordinationem
424 2991 548 3056 iecerunt,
561 2999 590 3044 ut
601 2992 641 3045 die
654 2991 782 3046 dominico
795 2993 888 3046 aXlV.
902 2993 963 3044 luna
972 2991 1047 3064 primi
1058 2992 1164 3052 mensis,
1177 3007 1259 3061 usque

99 3059 135 3112 ad
146 3040 221 3112 XXI.
233 3060 348 3114 elnsdem
360 3061 456 3113 mensis
468 3061 545 3124 diem,
556 3059 685 3130 paschalis
703 3061 872 3114 celebraretur
883 3060 1018 3114 festivitas.
1047 3059 1215 3113 Postmodum
1232 3061 1259 3112 in

98 3129 219 3209 plenaria
230 3128 328 3197 synodo
341 3128 455 3181 Nicaena
466 3129 522 3182 orbi
533 3130 653 3182 universo
666 3128 810 3182 Christiano
822 3145 972 3200 persuasum
986 3135 1032 3193 est,
1045 3135 1074 3182 ut
1081 3127 1178 3198 pascha
1189 3134 1259 3181 recto

99 3212 170 3258 ture,
186 3213 239 3250 unc
256 3197 398 3266 eodemque
415 3197 455 3248 die
472 3205 498 3249 et
512 3201 628 3266 ternpore
650 3214 666 3250 a
687 3199 785 3250 cunctis
801 3196 932 3250 catholicis
950 3214 1009 3266 pera
1031 3207 1114 3250 eretur
1134 3197 1258 3251 ecclesiis.

100 3263 192 3318 Canon
203 3267 318 3336 apostol.
333 3282 388 3336 cap.
401 3265 468 3319 Vlll.
487 3265 614 3318 Eusebius
626 3267 767 3320 ecclesiast.
780 3265 838 3319 hist.
851 3267 895 3320 lib.
908 3267 938 3318 V.
950 3282 1025 3335 cap..
1042 3265 1112 3318 XIII.
1125 3272 1150 3316 et
1162 3263 1259 3318 XXIV.

99 3331 132 3385 de
151 3333 205 3385 rita
221 3335 384 3386 Constantini
399 3333 463 3403 Imp.
479 3335 524 3388 lib.
537 3333 561 3388 3.
579 3350 634 3404 cap.
648 3335 676 3387 V.
693 3335 809 3388 etXVII.
820 3336 864 3387 lib.
878 3333 944 3387 VIII.
955 3350 1010 3403 cap.
1026 3333 1100 3386 XIX.
1117 3333 1201 3385 XXV.
1214 3333 1258 3387 lib.
1358 3393 1360 3406 Ι

99 3399 144 3454 IV.
157 3417 186 3454 ca
208 3400 350 3456 .XXXVI.
367 3409 393 3454 et
408 3407 525 3471 sequent.
554 3401 674 3456 Socrates
690 3403 832 3455 ecclesiast.
848 3403 937 3456 histor.
955 3403 998 3454 lib.
1011 3402 1029 3456 I.
1048 3418 1101 3472 csp.
1111 3400 1154 3454 VI.
1172 3401 1216 3453 lib.
1228 3399 1259 3453 V.

100 3485 122 3522 c.
135 3417 210 3524 XXI.
236 3469 409 3538 Hieronymus
421 3473 532 3539 catalog.
544 3471 619 3525 viror.
631 3472 724 3526 illustr.
738 3472 764 3524 in
775 3470 916 3540 Polycrate.
928 3471 1022 3523 Hister.
1035 3469 1144 3539 Tripart.
1156 3468 1200 3523 lib.
1211 3468 1258 3522 IX.

99 3553 158 3607 cap.
172 3537 319 3592 XXXVIII.
343 3537 501 3609 Nicephorus
515 3537 636 3590 Callistus
649 3540 692 3592 lib.
706 3539 763 3592 XII.
776 3555 831 3608 cap.
844 3539 968 3592 XXXIII.
991 3537 1167 3591 Theodoretus
1179 3538 1259 3590 eccle-

99 3606 174 3658 siast.
186 3603 275 3659 histor.
288 3607 332 3659 lib.
344 3606 363 3661 I.
376 3622 432 3676 cap.
445 3607 479 3660 X.
502 3605 662 3660 Sozomenus
673 3609 716 3660 lib.
729 3607 787 3660 XII.
799 3623 855 3688 cap.
867 3606 960 3660 XVIII.
973 3613 999 3658 et
1009 3605 1083 3659 XIX.
1105 3605 1167 3658 Pius
1178 3605 1226 3658 ΡΡ,
1238 3604 1258 3660 Ι.

98 3675 128 3726 iu
140 3674 253 3727 univers.
265 3673 359 3728 Christi
370 3675 460 3728 fideles
472 3682 533 3728 tom.
546 3675 564 3728 I.
578 3674 674 3729 Concil.
686 3675 730 3728 iol.
744 3674 784 3730 85.
804 3677 891 3728 Victor
903 3675 951 3729 ΡΡ,
965 3675 997 3726 ad
1009 3672 1188 3744 Theophilium
1201 3674 1259 3726 Ille·

97 3741 226 3796 :andriae
239 3759 251 3796 e
271 3743 350 3814 iscop.
363 3751 425 3798 tom.
439 3743 458 3796 l.
471 3742 568 3797 Concil.
582 3743 626 3796 Iol.
639 3742 679 3798 93.
705 3744 857 3796 Ambrosius
870 3744 900 3796 de
912 3741 1027 3814 paschali
1039 3743 1185 3796 celebritate
1197 3751 1259 3796 torn.

98 3759 377 3937 ΙέᾹοΙβῖξΞὲεοῗ
406 3811 545 3880 Gregorius
558 3811 692 3880 Nyssenus
709 3819 772 3866 orat.
789 3813 816 3864 in
832 3819 966 3864 resurrect.
982 3811 1087 3864 domini.
1113 3811 1221 3864 Iunilius
1232 3811 1260 3864 iu

161 3895 218 3932 esrn
241 3897 273 3932 o.
321 3922 327 3934 .
379 3897 393 3933 o

99 3894 219 4018 acipiunt.
238 3948 374 4018 augustin.
387 3949 413 4000 in
425 3965 483 4001 nor.
496 3955 521 4000 et
530 3957 580 4002 ret.
591 3949 747 4014 'l'estament
761 3955 859 4018 quaest.
872 3955 934 4003 tom.
946 3947 988 4001 IV.
1002 3955 1100 4017 quaest.

395 3897 456 3950 rpus
474 3879 570 3934 Canon.
584 3889 648 3950 part.
661 3878 704 3932 Ill.
721 3881 831 3933 distInct.
844 3880 868 3933 3.
881 3881 912 3932 de
929 3886 1068 3933 consecrat.
1080 3895 1135 4000 cap.
1149 3880 1222 3933 XXI.
1235 3884 1260 3931 et

97 4015 145 4069 rol.
159 4015 217 4069 839.
231 4021 257 4068 et
269 4017 301 4068 ad
313 4017 463 4070 Ianuarium
475 4017 574 4086 epletul.
588 4016 682 4070 CXIX.
711 4017 783 4069 Beda
799 4017 829 4070 de
845 4017 1005 4086 argumentIs
1017 4019 1093 4070 lunae
1105 3947 1227 4070 lulxihiil
1229 3945 1261 4067 1eIt

99 4090 218 4156 sequent.
236 4083 266 4136 de
284 4085 430 4154 aequiuoct.
444 4085 548 4138 vernali.
560 4092 623 4138 tom.
637 4085 667 4137 ll.
679 4084 724 4137 ror.
736 4084 794 4138 346.
807 4085 837 4138 de
849 4087 948 4140 ratione
959 4093 1067 4154 tempor.
1080 4100 1134 4204 cap.
1147 4083 1222 4137 LVII.
1235 4089 1261 4136 et

98 4169 160 4274 'iffi
181 4151 341 4276 Epilpllpaplius
358 4153 599 4275 comffiffidiafqg
610 4151 709 4274 baefias.
725 4153 808 4274 IluXX.
835 4153 957 4274 Ilabarlrius
969 4153 1101 4274 VbllaurusI
1120 4169 1137 4273 Ξ
1150 4153 1259 4274 insftptut.

98 4237 243 4342 ituri...
255 4261 313 4359 apl
326 4237 356 4274 ⁶²
376 4264 424 4344 ἰι
443 4222 955 4360 01.....⁸¹..t¹.·...lult3t.tirtel:
976 4237 1260 4360 aritretus}

98 4358 228 4412 observat.
240 4356 285 4413 iel.
299 4357 340 4412 50.
366 4360 473 4412 Autere
491 4359 583 4440 lstolae
595 4358 630 4440 ιιι.
640 4359 760 4413 celebrat.
773 4356 884 4438 paschae
896 4357 966 4482 apud
977 4359 1125 4440 Hieronym.
1137 4365 1200 4412 tom.
1210 4357 1259 4440 IX.

96 4427 143 4482 Iol.
157 4425 198 4481 98.
228 4425 351 4481 Athenas.
364 4427 395 4479 de
404 4443 470 4498 syno
647 4433 674 4481 et
684 4427 817 4482 Seleuciae
831 4427 876 4481 iol.
889 4427 905 4481 6
923 4427 946 4481 2.
958 4443 986 4481 ιιι
998 4425 1107 4498 epistola
1118 4425 1151 4480 ad
1161 4425 1260 4482 Ainea·

97 4511 148 4552 uus
160 4495 297 4567 epiecopus
308 4495 353 4550 tol
365 4495 423 4550 718.
