3122 4990
551 309 591 350 nn
604 305 781 352 nummus
794 307 887 350 urens.
910 242 915 254 1
979 296 984 304 “
1238 307 1298 374 105

140 468 183 531 cd
197 465 487 548 armature-daem
501 477 539 531 ut
548 465 636 550 fient
648 469 754 532 anaia
768 487 850 552 quoe
865 467 951 530 dicta
965 476 1039 530 sant
1057 466 1095 530 da
1110 467 1235 530 civitate
1248 463 1301 528 10³

139 572 273 634 molem
287 581 317 634 et
324 571 445 656 populo
461 571 646 634 advertere.
672 571 739 634 Hoc
754 575 859 634 autem
873 571 966 634 sicuti
981 574 1054 632 ante
1070 589 1164 651 qnam
1178 570 1300 632 veniret

140 673 280 738 Christus
299 675 333 736 in
354 693 481 737 earnem
495 669 642 737 ⁹Danielo
658 672 779 737 dictum
798 679 847 736 est
866 677 898 735 et
917 693 1016 758 paene
1032 671 1223 756 completum
1239 677 1297 751 est,

139 777 182 840 sic
205 777 302 839 etiam
322 773 408 842 idem
429 795 579 840 numerus
601 795 699 858 nsque
719 777 760 840 ed
779 776 881 858 legem
901 795 995 860 quam
1013 776 1136 859 aceepit
1150 774 1252 840 Moses
1267 779 1300 836 et

137 899 236 962 usque
251 877 292 944 ad
306 882 407 942 terrae
421 880 594 964 promissae
614 881 778 943 introitum
797 881 952 942 nonsatis
968 877 1058 958 longe
1079 899 1098 939 a
1113 879 1298 960 quingente·

137 983 216 1045 simo
232 999 387 1045 annorum
402 981 518 1046 distare
533 979 741 1045 ³numeratur.
771 983 924 1046 Dominus
939 983 1044 1064 itaque
1060 999 1132 1043 curn
1146 981 1236 1061 signa
1251 979 1298 1042 di-

137 1089 223 1148 ecret
243 1083 404 1166 ‘dicerem
424 1084 538 1166 samaa,
563 1087 811 1169 persecutiones,
835 1083 1090 1163 inundationem,
1109 1087 1211 1146 terrae
1229 1101 1298 1148 mo·

137 1193 197 1269 tus,
212 1186 412 1272 pestilentias
426 1187 511 1252 cirea
523 1187 618 1251 finem
633 1188 815 1269 adventura,
828 1188 922 1252 Petro
938 1189 1032 1250 etiam
1048 1185 1127 1250 dixit
1137 1181 1228 1252 beate
1244 1203 1300 1270 por

137 1291 283 1372 aenigma
297 1289 335 1353 de
351 1309 504 1354 annorum
524 1293 756 1354 numerositate.
784 1290 863 1354 Cum
878 1291 996 1354 diceret
1009 1289 1132 1370 Petrus,
1146 1287 1301 1352 Doreiae⁰

137 1393 257 1477 qwties
271 1395 423 1477 peccanti
431 1393 541 1476 fratra'
559 1394 745 1457 carcedone?
765 1393 989 1457 sitdominus:
1010 1391 1087 1456 Noa
1107 1395 1232 1478 septies,
1247 1393 1302 1455 sed

136 1496 313 1580 septuagies
334 1497 462 1580 cepaea·
484 1495 655 1559 ostendens
678 1496 805 1578 quidem
827 1501 859 1559 ct
880 1495 1150 1580 ⁵quotidianorum
1170 1495 1300 1560 hnmani

137 1599 259 1680 generis
276 1595 462 1662 delictorum
476 1598 636 1661 infinitum
656 1618 822 1662 nnmerum
842 1597 956 1662 debere
977 1599 1097 1662 homini
1120 1597 1237 1662 dimitti
1260 1597 1299 1660 ab

137 1699 275 1780 homine,
290 1705 323 1764 et
336 1700 431 1764 Iudae
446 1700 600 1781 redeunti,
615 1701 680 1765 sive
695 1721 815 1786 pagano
832 1707 864 1764 et
878 1701 948 1767 aliis
964 1700 1157 1781 carnalibus,
1171 1700 1245 1764 ⁶sed
1260 1699 1301 1765 ad

137 1801 254 1866 Christi
268 1803 365 1866 iidem
379 1802 418 1866 de
433 1805 594 1888 impietate
608 1803 810 1868 redeuntibus
825 1803 936 1888 ⁷atque
952 1806 1019 1867 eius
1031 1804 1206 1884 eeclesiam,
1222 1825 1300 1868 cun·

137 1907 195 1970 ctis
211 1925 308 1970 omne
322 1905 463 1970 debitum
474 1905 517 1968 ¹ab
533 1908 579 1970 eis
594 1907 757 1992 oportere<1
777 1907 906 1972 concedi
928 1907 1136 1970 credentibus.
1173 1907 1254 1970 Nam
1269 1911 1302 1970 et

136 2008 379 2093 historiographi
392 2007 500 2072 Iudaei
516 2008 690 2074 decuerunt
704 2011 846 2074 dieentes
861 2010 897 2072 8a
910 2009 1041 2074 Daniele
1057 2009 1300 2093 quadringentos

137 2119 168 2175 et
182 2114 344 2194 octoginta
357 2110 429 2196 plus
443 2133 543 2176 annos
557 2115 719 2194 transisse,
735 2119 767 2176 et
778 2115 823 2178 sio
836 2113 997 2178 dominum
1009 2111 1174 2176 advenisse
1185 2116 1219 2176 in
1232 2135 1299 2178 oar·

137 2235 220 2280 nem.
243 2213 350 2278 Habes
365 2217 461 2278 etiam
480 2217 514 2278 in
530 2217 644 2280 Genesi
660 2216 895 2280 evidentissime
915 2217 1100 2297 mysterium
1121 2219 1301 2281 nuntiatum

137 2316 175 2381 de
190 2317 271 2380 Cain
292 2317 425 2402 septies,
446 2317 485 2382 de
504 2317 640 2382 Lamech
659 2323 765 2382 autem
785 2320 961 2403 septuagies
982 2315 1098 2403 septies
1118 2319 1301 2402 vindictam,

137 2419 222 2504 quod
245 2419 378 2484 duorum
400 2419 586 2506 populorum
607 2422 642 2484 in
665 2419 787 2486 duabus
808 2423 951 2506 persenis
977 2423 1069 2486 unius
1096 2425 1301 2509 impietatem,

136 2521 266 2586 alterins
285 2523 485 2604 iniquitatem
508 2525 575 2587 sine
597 2527 796 2601 cunctatione
819 2525 1043 2608 scripturarum
1064 2527 1301 2610 praenuntiasse

136 2645 199 2690 non
215 2623 348 2688 dubium
364 2632 421 2690 est.
443 2623 513 2690 Lea
527 2629 627 2690 caica‘
642 2628 795 2712 spirantia
811 2637 864 2706 eat,
880 2626 1053 2692 secundum
1067 2629 1253 2712 apostolum,
1273 2641 1302 2693 et

136 2727 222 2809 haee,
238 2727 351 2810 inquit,
367 2729 430 2792 dac
445 2739 626 2794 testamenta
640 2742 722 2794 suot.
759 2730 867 2814 Neque
887 2731 971 2792 enim
986 2729 1147 2796 historiam
1161 2729 1299 2796 ⁹amitti-

136 2851 223 2912 mus,
246 2829 331 2913 quod
350 2829 430 2895 LXX
452 2850 551 2897 annos
571 2833 682 2897 iecerit
696 2833 829 2918 populus
852 2834 885 2896 in
904 2831 1063 2912 Persida‘,
1084 2852 1185 2917 neque
1207 2835 1298 2919 spiri·

136 2932 232 2996 talem
244 2934 410 2996 scientiam
422 2937 608 3018 spernimus.
631 2935 710 3018 Ergo
724 2943 755 2999 et
766 2937 967 3020 septuaginta
977 2937 1169 3019 septimanae
1182 2959 1200 2999 a
1213 2937 1300 3002 ¹⁰Da·
1324 2939 1326 2946 ⁴

136 3035 219 3100 niele
245 3034 347 3114 diotae
371 3035 591 3119 quadringenti
614 3041 881 3122 nonagintaanni
903 3044 979 3102 tunc
1005 3057 1105 3124 paene
1129 3039 1300 3124 completae

139 3144 223 3218 sunt,
239 3140 332 3202 etsie
349 3138 490 3202 Christus
506 3141 635 3204 advenit
649 3144 682 3205 in
699 3162 835 3222 earnem,
851 3148 883 3204 et
898 3141 1042 3205 aChristi
1058 3144 1236 3226 praesentia
1246 3163 1300 3206 us-

137 3262 197 3324 que
213 3240 255 3306 ed
262 3243 565 3308 consummationem
577 3245 674 3308 seculi
688 3244 710 3282 ¹¹
715 3265 816 3329 paene
829 3243 964 3308 eundem
972 3243 1193 3328 complendum
1201 3267 1299 3310 anne-

137 3345 539 3428 rumreperiesnumerum.
562 3345 767 3432 Septuaginta
774 3350 858 3411 enirn
867 3349 1059 3431 septimanas
1074 3345 1214 3412 ¹²Daniel
1224 3370 1300 3432 quas

138 3447 219 3512 vidit
231 3449 420 3532 interpretes
435 3447 641 3514 ¹³docuerunt
655 3450 700 3514 illi
715 3453 809 3535 primi
823 3451 981 3534 sapientes
997 3450 1112 3533 septies
1128 3457 1160 3512 et
1174 3458 1300 3535 septua-

136 3551 219 3632 gies,
238 3549 483 3633 quadringentos
504 3556 674 3635 nonaginta
688 3575 802 3632 annos,
822 3572 915 3636 quem
931 3552 1102 3616 iubilaeum
1117 3555 1149 3616 in
1165 3552 1231 3635 lege
1246 3555 1299 3618 Iu·

137 3651 206 3716 daei
222 3652 379 3736 (uenisti,
395 3653 601 3738 seductores)
618 3663 650 3718 ct
668 3657 761 3739 periti
781 3655 826 3718 illi
842 3675 960 3720 annum
975 3657 1168 3720 remissionis
1185 3655 1309 3736 Christi

136 3763 168 3822 et
181 3755 411 3839 indulgentiae,
431 3757 587 3821 carnalem
607 3759 819 3842 praesentiam
834 3777 889 3840 per
904 3757 1035 3840 figuram
1050 3763 1121 3821 ante
1138 3757 1298 3823 celebran-

203 3941 228 3998 2.
247 3941 423 3997 DaniheloA.
479 3941 504 3998 3.
522 3945 707 3998 numerumA.
766 3944 791 3998 4.
805 3949 830 3995 et
842 3943 943 3998 diversa
954 3947 988 3998 A.
1040 3943 1253 4014 5.quotidianam
1265 3948 1300 4000 A.

135 4011 160 4066 5.
178 4011 251 4065 ets.
296 4011 321 4065 7.
335 4011 457 4064 Fortasse
469 4011 561 4080 adque.
605 4011 629 4066 8.
647 4011 679 4064 ad
696 4011 777 4064 nihilo
790 4013 825 4067 Α.
870 4013 894 4067 9.
913 4014 1016 4065 Rectius
1026 4018 1141 4080 fortusse
1158 4021 1301 4082 reposueris

136 4080 290 4144 emittimus,
302 4089 330 4130 ut
340 4084 366 4132 ia
375 4098 440 4148 seqq.
451 4079 550 4161 degerit
559 4101 608 4150 pro
618 4081 717 4134 feeerit.
749 4081 788 4135 10.
802 4080 928 4134 Danihelo
941 4082 976 4136 A.
1009 4081 1047 4135 ll.
1060 4098 1144 4151 poene
1153 4083 1220 4134 unda
1229 4100 1299 4136 corn-

152 4147 260 4200 lendum
273 4149 308 4202 A.
354 4147 591 4204 12.aDarirhelA.
635 4147 673 4203 13.
688 4149 902 4203 laudatissima
915 4149 1047 4202 cerethaei·
1059 4149 1137 4202 certa
1149 4148 1298 4207 docuerunt.

168 4215 264 4286 'primi
276 4225 332 4272 ceta

170 4421 193 4456 ο.
210 4403 325 4472 eomas]
341 4403 434 4458 usian.
446 4403 540 4460 xun.
553 4405 594 4458 aa.
779 4389 801 4425 ⁰·
819 4371 1229 4438 L0x0u¹mJVAE⁰uV1L1tet
1242 4373 1298 4428 Gar.

169 4471 300 4526 debeis
319 4475 445 4544 oportere]
474 4473 514 4528 Ab
538 4473 693 4542 hominibus,
744 4439 905 4564 Ivffsimid

136 4541 178 4595 rel
189 4542 222 4596 ab
233 4541 345 4606 homine,
357 4543 396 4596 nti
406 4559 486 4612 snpra
497 4543 606 4598 dixerat.
906 4512 937 4633 Ἴ
955 4509 1010 4563 11³⁰
1024 4509 1238 4566 '⁰⁰⁸b111if0f1112
1250 4512 1300 4566 Uti·

744 4583 786 4632 tur
797 4585 824 4632 et
833 4578 912 4633 inira.
936 4585 991 4636 tem
1002 4595 1059 4650 cap.
1070 4579 1102 4632 61
1115 4585 1142 4634 et
1156 4580 1210 4634 112.

1274 4841 1360 4963 f
