3120 4994
452 305 490 347 DE
504 304 726 348 accasamentis
740 303 930 344 merimannus.
1205 305 1266 370 343
1318 311 1320 314 ’

93 456 243 514 chunonis
255 459 288 512 ad
300 459 503 529 regenerationis
515 463 678 512 sacramenta
688 459 818 530 perductis
829 457 947 512 caelestis
955 456 1148 512 misericordiae
1157 457 1217 510 aula
1229 473 1268 510 re·

93 551 216 598 seretur.
239 545 309 599 Haeo
322 551 409 598 autern
425 563 477 599 non
488 544 662 616 perfunctorie
674 561 758 615 neque
769 544 881 598 inaniter
892 560 908 596 a
919 544 1023 598 domino
1036 543 1089 613 peti
1101 560 1187 596 rorum
1199 543 1267 612 ipsa·

92 647 164 682 rum
176 637 307 683 monstrat
317 631 438 696 effectus,
454 631 663 702 quandoquidem
680 648 714 683 ex
730 631 802 684 omrai
818 647 933 684 errorum
950 645 1044 698 genere
1061 629 1186 698 plurimos
1203 627 1267 680 deus

93 715 231 783 dignetur
248 715 387 780 attrahere,
404 733 469 786 quos
487 722 573 770 erutos
590 717 622 769 de
637 721 766 786 potestate
782 716 946 768 tenebrarum
964 713 1102 768 transierat
1118 714 1145 766 in
1158 729 1266 782 regnum

94 799 153 852 tilii
163 800 283 853 oautsfis
294 817 369 866 snae,
388 807 414 854 et
430 817 463 854 ox
480 802 550 854 vasis
566 802 620 854 irae
631 801 709 854 laoiat
720 817 783 854 rasa
794 801 992 855 misericordiae.
1021 798 1095 862 Quod
1107 799 1173 852 adeo
1184 803 1268 852 totmu

95 884 188 938 divini
200 887 285 954 operis
298 903 355 938 esse
367 887 485 950 sentitur,
497 892 527 939 nt
537 885 600 940 lraee
613 886 754 940 ieilloienti
766 886 813 940 deo
826 886 968 955 gratiarnm
981 901 1081 954 semper
1093 885 1160 936 actio
1172 883 1266 938 landis·

95 985 156 1038 que
168 969 300 1024 confessio
312 987 359 1041 pro
368 972 556 1025 illuminatione
568 972 660 1024 talium
671 973 712 1024 rel
723 971 880 1026 correctione
892 971 1044 1024 referantur.

173 1055 242 1108 lllnd
254 1057 332 1110 etiam
346 1057 414 1126 quod
426 1057 494 1110 cirea
506 1058 674 1126 liaptiaaodos
691 1059 718 1110 iu
735 1057 854 1110 universo
866 1056 963 1110 mundo
980 1061 1072 1108 saneta
1087 1054 1195 1107 ecclesis
1211 1055 1267 1106 uni·
1285 1069 1345 1119 (etse
1359 1067 1442 1118 xxxi.)

96 1140 226 1194 formiter
237 1142 292 1209 ugit
303 1159 356 1196 uon
369 1143 452 1196 otioso
472 1144 692 1216 ¹oontomplamur
703 1143 811 1206 intuitu,
826 1159 886 1194 cnm
898 1143 953 1194 sire
965 1141 1078 1210 parvuli,
1094 1140 1149 1192 sive
1161 1139 1267 1192 iuvenes

97 1225 136 1276 ad
154 1227 361 1295 regenerationis
377 1228 484 1280 veniunt
500 1235 703 1292 sacramentum,
720 1245 772 1280 uon
789 1228 860 1297 prius
876 1227 977 1280 lentem
992 1227 1060 1278 ritae
1077 1225 1172 1278 adeant
1188 1241 1267 1292 quarn

97 1312 263 1364 exorcismis
276 1319 302 1364 et
313 1311 541 1366 exsufflationibus
553 1314 703 1366 elericorum
715 1313 820 1382 spiritus
833 1313 866 1364 ab
879 1313 915 1364 eis
927 1311 1077 1364 immundus
1090 1311 1222 1380 abigatur:
1238 1315 1268 1362 ut

99 1405 168 1448 tuno
181 1413 241 1450 rere
252 1404 377 1467 appareat
389 1397 534 1468 ²quomodo
547 1399 665 1468 princeps
678 1398 767 1452 mnndi
778 1397 855 1450 huius
870 1398 988 1452 mittatur
999 1397 1082 1460 foras,
1099 1401 1125 1448 et
1137 1394 1266 1464 memorio

98 1481 178 1549 prim
192 1483 313 1551 alligetur
324 1483 406 1546 sortis,
419 1489 444 1536 et
455 1483 575 1553 deinceps
587 1499 649 1536 rasa
662 1485 717 1536 eius
729 1483 890 1552 diripiantur,
902 1483 928 1536 in
941 1481 1134 1552 possessionem
1142 1479 1268 1534 translata

99 1567 221 1630 victoria,
234 1572 277 1636 qni
289 1577 417 1637 euphrone
430 1571 500 1620 droit
508 1573 689 1638 captiuitatem,
702 1578 726 1620 el
737 1571 784 1622 dar
794 1571 860 1620 cleron
873 1567 1036 1620 ³lromr'rre'brrs.

175 1651 299 1706 Omnium
312 1653 438 1706 bonorum
450 1653 592 1706 affectuum
604 1660 681 1722 atquo
694 1671 809 1722 operum,
821 1659 847 1706 ot
859 1653 975 1708 omnium
987 1653 1129 1704 studiorum
1139 1652 1267 1704 omnium·
1285 1666 1344 1716 (erp.
1360 1665 1452 1714 xxxin)

84 1775 86 1778 -
100 1753 157 1805 que
169 1737 307 1802 virtutum,
326 1739 420 1808 quibus
438 1740 470 1790 ab
488 1739 560 1790 initio
577 1738 639 1790 tidei
651 1739 684 1790 ad
696 1739 772 1792 deum
785 1739 910 1802 tenditur,
928 1738 1004 1790 doum
1016 1735 1167 1806 profitemur
1179 1743 1268 1790 aucto-

101 1839 174 1885 rem,
192 1829 285 1876 einen
303 1823 451 1876 dubitamus
470 1824 503 1876 ab
520 1824 602 1892 ipsius
619 1823 706 1892 gratia
722 1825 809 1876 onrma
820 1822 932 1878 horninis
945 1823 1036 1876 rnerita
1047 1821 1204 1892 praeveniri,
1221 1839 1267 1890 per

101 1923 187 1975 quom
199 1907 230 1963 lit
241 1913 270 1960 ut
281 1909 379 1977 aliquid
392 1908 453 1960 boni
466 1915 491 1960 et
502 1909 567 1960 velle
580 1909 734 1978 incipiamus
748 1915 773 1962 et
785 1909 878 1962 iacere.
898 1907 953 1971 Quo
966 1909 1054 1976 utique
1066 1908 1164 1960 auxilio
1175 1912 1200 1960 ct
1211 1923 1267 1959 rnu-

102 2009 168 2044 nere
182 1991 224 2044 dci
235 2010 287 2046 nou
299 1994 414 2046 aufertur
425 1993 535 2046 liberum
547 1994 690 2058 arbitrium,
703 1993 748 2046 sed
760 1994 895 2056 liberatur,
912 1999 941 2046 nt
953 1993 984 2044 de
995 1991 1132 2046 tenebroso
1144 1992 1267 2058 lucidum,

102 2078 137 2130 de
148 2093 231 2147 pravo
243 2085 355 2142 rectum,
373 2079 404 2130 de
416 2079 539 2148 languido
551 2097 654 2143 sanum,
667 2079 698 2132 de
709 2078 870 2148 imprudente
883 2078 918 2130 sit
929 2069 1072 2146 providum.
1102 2077 1186 2130 Tanta
1198 2079 1267 2130 enirn

102 2171 146 2214 est
157 2179 224 2231 erga
236 2179 326 2216 omnes
338 2163 455 2216 honnues
470 2165 570 2218 bonitas
582 2163 635 2227 dei,
649 2171 678 2216 ut
688 2169 778 2216 nostra
789 2163 851 2216 velit
861 2179 919 2216 esse
931 2163 1023 2216 merila
1035 2178 1101 2231 quae
1114 2169 1175 2215 sunt
1186 2163 1267 2232 ipsius

102 2249 185 2312 dona,
197 2254 224 2300 et
234 2265 280 2318 pro
292 2247 332 2301 lris
346 2266 412 2318 quae
423 2249 533 2317 largitus
546 2255 585 2300 est
596 2255 701 2300 aeterno
712 2249 827 2318 praemia
839 2248 873 2300 sit
885 2247 1035 2300 donaturus.
1058 2248 1122 2316 Agit
1133 2248 1227 2318 qnippe
1240 2249 1267 2300 in

102 2335 192 2398 nobis,
205 2339 234 2386 nt
246 2334 314 2402 quod
327 2335 382 2386 ruit
394 2341 419 2386 et
431 2333 541 2386 uelimus
554 2339 579 2386 et
591 2350 713 2402 agamus;
732 2350 779 2386 nec
796 2333 878 2386 otiosa
895 2349 952 2385 osse
964 2334 991 2386 irr
1004 2333 1079 2384 nobis
1090 2333 1188 2401 patitur
1200 2350 1266 2402 quae

102 2419 253 2472 exercenda
264 2435 317 2472 non
330 2419 486 2488 negligenda
497 2419 611 2482 donavit,
624 2421 668 2470 ¹nt
680 2425 705 2470 ot
717 2436 764 2472 nos
776 2423 954 2488 cooperatores
967 2419 1048 2470 simus
1060 2418 1159 2486 gratiae
1172 2417 1224 2482 dei,
1237 2436 1267 2470 ae

103 2505 206 2572 siquid
223 2505 250 2556 in
266 2505 341 2556 nobis
358 2519 391 2558 ex
411 2511 501 2556 nostra
511 2503 651 2556 viderimus
662 2504 814 2557 remissione
824 2505 1003 2571 languescere,
1020 2503 1052 2556 ud
1068 2504 1142 2556 illum
1159 2503 1266 2556 sollicite

104 2605 286 2653 recurramuS,
305 2589 364 2658 ‘iper'
375 2599 452 2642 serrat
464 2607 546 2640 corrues
557 2591 691 2656 languores
703 2599 810 2653 raesens,
829 2599 852 2640 ct
863 2591 966 2640 redimit
976 2591 1007 2640 ‹le
1018 2592 1122 2640 irrteritrc
1134 2593 1211 2640 ritant
1225 2609 1266 2640 no-

102 2685 201 2740 strum,
217 2680 244 2728 et
255 2675 296 2728 cui
309 2675 423 2744 quotidie
436 2674 560 2738 elicimus,
575 2674 617 2726 Nc
635 2693 678 2726 eos
691 2677 798 2728 r'ncincus
814 2681 840 2726 in
853 2678 1024 2736 recitationem,
1041 2676 1086 2724 eccl
1100 2675 1181 2726 libera
1194 2693 1237 2724 croc
1249 2694 1266 2726 o

103 2763 183 2814 melo.

176 2846 327 2916 Quicunque
339 2847 401 2898 dicit
411 2845 494 2898 neam
506 2847 618 2916 prinlum
630 2845 762 2900 hominem
773 2845 909 2900 mortalem
920 2845 1030 2910 iactum,
1042 2845 1079 2896 ita
1090 2850 1131 2908 ut,
1142 2845 1197 2897 sivo
1208 2861 1267 2915 peo-
1285 2859 1344 2910 (cop.
1359 2857 1462 2908 xxxin.)

104 2937 184 2996 caret,
197 2932 252 2984 sire
264 2949 316 2984 non
328 2936 458 3000 peccaret,
476 2917 619 2984 moreretur
627 2931 656 2988 in
670 2933 803 3001 ¹oorpore,
813 2931 867 2984 lroo
880 2936 920 2984 est
935 2932 967 2984 de
984 2947 1090 3000 corpore
1103 2931 1198 2996 exiret,
1215 2949 1267 2984 nou

105 3018 207 3086 peccati
219 3018 318 3082 rnerito,
331 3017 376 3070 sed
388 3017 542 3070 necessitate
553 3021 667 3080 naturae,
680 3015 817 3070 anathema
829 3018 871 3072 sit.

177 3102 328 3171 Quicunque
339 3103 461 3172 parrulos
473 3109 588 3156 recentes
601 3103 634 3156 ab
646 3103 725 3155 uteris
737 3108 849 3156 matrum
861 3101 1029 3172 baptizandos
1042 3109 1133 3172 negat,
1151 3103 1269 3156 antilioli
1286 3107 1344 3159 (Ceu
1359 3105 1461 3156 xxxiv.)

105 3189 132 3242 in
145 3188 327 3240 remissionem
339 3188 442 3258 quidem
454 3194 619 3256 peccatorum
630 3205 675 3242 eos
687 3189 820 3258 baptizari,
832 3188 878 3241 sed
890 3187 954 3240 nihil
966 3204 998 3240 ex
1010 3187 1094 3240 Adam
1105 3186 1206 3242 trahere
1218 3189 1267 3240 ori-

106 3273 204 3343 ginalis
217 3274 316 3343 peccati
328 3274 396 3342 quod
408 3273 510 3326 lavacro
522 3274 726 3343 regenerationis
738 3274 866 3343 expietur,
885 3273 951 3325 undo
966 3273 1009 3325 ¹fit
1026 3289 1186 3342 consequens
1199 3279 1228 3324 nt
1240 3274 1266 3326 in

106 3361 144 3412 eis
157 3359 243 3412 l'orma
256 3359 417 3428 baptismatis
430 3359 646 3415 inremissionem
657 3365 821 3430 peccatorum
838 3376 890 3412 non
907 3374 979 3422 vera,
995 3359 1041 3412 sed
1056 3358 1123 3412 laisa
1140 3359 1267 3427 intelligo·

107 3453 163 3508 tur,
181 3443 321 3496 anathema
336 3445 378 3498 sit.
409 3443 537 3507 Quoniam
554 3463 607 3498 non
623 3444 697 3496 aliter
712 3444 910 3512 intelligendum
922 3450 962 3496 est
974 3443 1042 3512 quod
1054 3445 1090 3496 ait
1102 3443 1266 3514 ²npostolus:

106 3531 158 3580 Per
171 3547 244 3580 onum
256 3529 377 3582 nonarum
386 3539 520 3598 preconium
532 3535 640 3582 introoit
651 3534 677 3581 in
689 3532 816 3592 mucidum,
829 3538 853 3581 et
860 3547 909 3597 por
916 3537 1052 3597 peceatum
1065 3547 1143 3592 moris,
1156 3539 1180 3580 ct
1190 3533 1228 3581 ita
1241 3533 1268 3582 iu

106 3632 190 3666 omncs
201 3615 312 3666 dominer
320 3619 486 3684 pertransiit,
503 3617 530 3664 s'n
542 3634 587 3682 quo
604 3634 686 3668 ornnes
693 3623 878 3683 peccet-erunt,
895 3613 946 3666 nisi
959 3613 1175 3682 quemadmodum
1188 3615 1266 3666 ecclo-

107 3701 149 3752 sia
160 3699 288 3752 catholica
300 3701 396 3769 ubique
409 3699 502 3752 diffusa
513 3715 615 3768 semper
626 3699 761 3752 intellexit.
787 3699 892 3770 Propter
903 3697 969 3751 hano
982 3699 1050 3750 enim
1062 3697 1195 3767 ³regulam
1207 3699 1267 3752 fidei

108 3787 190 3838 etiarn
201 3785 310 3855 parvuli,
323 3785 367 3855 qni
380 3784 443 3837 nihil
455 3789 620 3854 peccalorum
631 3785 659 3838 in
671 3785 763 3856 seipsis
775 3785 858 3839 adhue
870 3784 1029 3838 committere
1040 3788 1191 3854 potueruut,
1209 3785 1265 3836 ideo

178 3964 203 4018 9.
217 3963 345 4016 efficiente
357 3967 416 4016 edit.
428 3963 542 4017 Elmenl.

179 4033 253 4102 (Gap.
266 4032 381 4102 XXXI.)
406 4033 434 4087 V.
446 4034 583 4086 Caelestini
588 4051 678 4102 popae
691 4037 761 4102 epist.
779 4037 816 4086 ud
829 4034 896 4086 Gall.
909 4037 985 4102 episc.
1004 4049 1061 4100 cap.
1075 4029 1118 4082 12.
1173 4031 1194 4084 1.
1207 4047 1265 4082 ron·

108 4101 266 4171 templemur
278 4101 354 4152 later
366 4103 502 4154 Caelestini
513 4105 585 4220 epist.
597 4105 668 4170 opud
680 4101 865 4195 Benedictr'nos.
928 4101 951 4154 2.
964 4101 1067 4220 Quando
1080 4102 1139 4152 odit.
1152 4099 1265 4153 Ermont.

108 4171 132 4224 ³·
145 4166 1266 4307 insiliit:‚lt-f‘titii-,litt,titilltlrstilti·silli:ill

109 4310 244 4376 legiterae
281 4311 328 4358 risi.
342 4307 479 4359 (irrelestr'nr'
491 4309 561 4374 apud
573 4306 759 4360 Berrcrlc'cta'nos.
807 4305 831 4356 2.
842 4305 937 4358 Psalm.
950 4304 1002 4368 Gll,
1014 4305 1038 4358 3.
1055 4303 1149 4359 Mntch.
1162 4303 1209 4366 vl,
1224 4305 1262 4359 13.

179 4373 255 4443 (Gap.
295 4375 404 4443 xxiii.)
428 4375 457 4429 V.
472 4375 565 4428 Ueneti.
579 4373 704 4440 Curtdop.
722 4373 845 4441 c.Pclo9.
866 4377 904 4436 (io
916 4374 1053 4441 Augustini
1067 4373 1130 4442 Opp.
1144 4375 1203 4426 edit.
1217 4371 1264 4423 Be·

110 4446 205 4496 audiet.
217 4452 273 4496 tom.
285 4442 319 4506 X,
332 4445 375 4512 Ap
384 4447 450 4496 send.
458 4463 487 4511 p.
502 4443 533 4494 71
546 4447 594 4510 sq.)
607 4460 663 4510 cup.
678 4443 700 4497 l.
754 4442 776 4496 l.
790 4458 894 4512 corporo
906 4440 962 4506 hoo,
973 4441 1000 4496 id
1011 4449 1050 4494 est
1063 4443 1120 4494 edic.
1133 4439 1247 4494 Elncerrlc.

179 4509 358 4580 (crpxiffl
383 4517 397 4576 .l
423 4509 450 4563 V.
464 4511 557 4562 Corruit.
576 4509 699 4579 Cartlrnq.
718 4509 840 4579 c.Pelay.
858 4529 915 4580 cup
929 4509 954 4564 2.
1020 4509 1264 4564 estenderet.

110 4581 135 4634 2.
147 4581 223 4636 Rom.
238 4579 266 4645 V,
283 4579 320 4634 1⁶2.
372 4579 395 4632 3.
408 4579 468 4632 fidei
479 4579 596 4650 regulam
609 4581 667 4635 edu.
678 4577 792 4634 Errant.
