3120 4994
282 176 344 242 255
749 173 978 218 annumeratam

282 331 487 397 Mauritaniae
502 331 605 416 coepIt
619 327 701 395 olim
734 329 800 396 Hos
814 331 922 396 miseri
936 325 1120 396 Donetistae
1134 334 1245 415 postea
1258 330 1358 396 secuti
1372 347 1444 395 coe-

282 439 398 518 perunt
411 453 445 498 se
459 434 576 498 montis
591 434 773 519 praecipitio
790 436 879 516 qnasi
894 434 991 498 futuri
1003 439 1157 517 martyres
1176 431 1316 514 tradere,
1336 437 1372 496 ut
1392 435 1447 516 qni

282 539 381 600 vitam
395 541 555 601 aeternam
570 535 741 601 catholicae
753 536 828 602 fidei
836 535 1068 620 derelinquunt,
1083 535 1274 601 ¹biothanati
1286 542 1446 602 aeternam

282 645 415 705 mortem
429 642 600 704 inveniant.
624 639 740 705 Contra
753 638 811 706 hos
827 638 959 725 Optatus
975 639 1088 722 legitur
1103 641 1212 722 egisse.

136 771 186 824 cup.
199 771 264 812 uxrr
345 741 1088 826 SexagesimasecundahaerasisAsoitarumest.
1110 742 1236 808 Ascitae
1245 763 1317 826 ergo
1328 741 1368 807 ab
1377 747 1445 806 ntra

282 845 487 931 appellantur.
516 841 618 920 Ἁσκός
633 847 718 910 onim
733 847 849 910 Graece
863 852 933 910 uter
949 845 1072 910 dicitur.
1087 845 1156 912 ¹Isti
1171 865 1243 910 oum
1257 849 1291 910 in
1305 847 1444 910 trinitate

281 948 442 1014 nihilmali
450 947 596 1030 habeant,
609 955 711 1012 utrem
718 954 825 1013 tamen
831 951 991 1031 ingentem
1002 951 1091 1012 iuxta
1097 947 1195 1012 altare
1202 955 1324 1034 ponunt
1331 967 1445 1032 umque

281 1071 415 1116 vacuum
428 1051 539 1114 inflant
553 1057 585 1116 et
595 1050 830 1136 linteaminibus
845 1051 952 1116 velant
962 1057 995 1114 et
1008 1050 1148 1134 adorant,
1163 1051 1254 1136 ¹quia
1268 1051 1446 1115 confectum

283 1156 401 1219 cruoris
417 1153 536 1220 domini
551 1153 595 1218 ibi
610 1154 778 1236 adiiciunt,
798 1153 875 1218 illud
897 1154 1036 1218 diceutes
1057 1153 1287 1237 evangelicum,
1307 1151 1446 1218 2Ῐῐὺιιιιιι

280 1279 396 1322 nouam
409 1259 443 1320 ιιι
457 1267 541 1322 utres
555 1279 652 1323 cocos
666 1257 836 1338 adiiciant,
857 1268 885 1322 et
899 1268 1034 1342 utraque
1049 1269 1282 1322 comerooatar.

122 1381 172 1432 esp.
186 1381 263 1422 cunr
346 1358 1160 1443 SexagesimatertiahaeresisestPasealorynchitao.
1184 1359 1312 1440 Omnes,
1320 1357 1444 1442 quando

282 1462 323 1528 ad
338 1461 502 1528 ecclesiam
517 1483 607 1528 suam
622 1464 828 1545 conveniunt,
848 1468 935 1528 tanto
951 1461 1075 1528 silentio
1091 1461 1234 1544 student,
1252 1468 1289 1526 ut
1307 1467 1339 1526 et
1358 1462 1443 1526 nari·
1554 1473 1555 1486 ¹

281 1565 341 1631 bus
357 1570 389 1630 et
402 1564 494 1630 labiis
515 1568 580 1630 suis
602 1565 734 1650 digitum
750 1565 925 1652 adponant,
946 1587 986 1630 ne
1006 1565 1057 1630 vel
1075 1567 1178 1650 ipsam
1196 1567 1445 1632 taciturnitatem

281 1667 407 1733 flatibus
422 1667 557 1732 laedant.
595 1667 658 1734 Cur
672 1674 776 1733 autem
790 1689 847 1754 per
861 1667 968 1755 palum
988 1669 1120 1752 digitum
1134 1668 1309 1751 significare
1323 1665 1443 1732 malue-

280 1773 354 1854 rint,
369 1793 388 1835 a
403 1771 516 1856 quibus
531 1771 590 1836 hoc
602 1793 716 1837 nomen
729 1775 937 1858 compositum
948 1778 1007 1855 est,
1021 1773 1139 1854 nescio,
1155 1791 1226 1836 cum
1238 1772 1356 1836 Graece
1367 1767 1444 1834 πάσ-

280 1877 371 1949 culo:
385 1873 475 1960 palus
491 1873 627 1957 dicatur,
649 1880 681 1938 et
699 1875 814 1958 digitus
831 1863 995 1958 δάκτυλος,
1014 1881 1046 1939 et
1065 1872 1169 1964 ῥύγχος
1188 1894 1295 1938 nasus.
1331 1871 1443 1938 Melius
1554 1931 1555 1962 ,

280 1982 385 2042 autem
399 1975 477 2044 mihi
496 1977 635 2060 videtur,
655 1980 682 2042 si
701 1976 998 2061 Dactylorynohitae
1017 1979 1201 2042 vocitentur.
1238 1977 1365 2042 Invenit
1383 1975 1443 2040 sibi
1554 1989 1555 1992 ’

254 2169 255 2172 ¹
281 2079 422 2146 diabolus
437 2079 470 2144 in
485 2079 553 2163 Iege
565 2079 616 2145 dei
629 2101 706 2165 quos
717 2081 835 2145 iaceret
845 2081 1047 2164 Pythagoras,
1062 2079 1140 2144 illud
1152 2078 1355 2144 observantes
1367 2099 1441 2166 apo·

280 2182 366 2248 stolia
383 2181 504 2248 1Οιτιόο
515 2186 641 2269 spiritu,
656 2181 755 2248 orabo
765 2195 794 2248 et
803 2194 920 2248 ruente:
928 2183 1088 2269 psalmum
1099 2185 1204 2248 dicum
1213 2183 1340 2268 spiritu,
1350 2182 1439 2268 pecl-

278 2308 364 2351 mum
378 2287 482 2352 dicam
496 2297 525 2351 et
537 2296 645 2352 mente.
682 2285 805 2352 Docent
824 2307 896 2370 ergo
916 2287 1059 2352 homines
1077 2287 1161 2351 toras
1180 2284 1347 2350 ecclesiam
1368 2282 1440 2370 quid

279 2389 432 2456 dicentia
448 2388 593 2454 cordibus
608 2390 673 2453 suis
688 2390 772 2453 intra
785 2388 950 2456 ecclesiam
960 2391 1065 2475 positi.
1088 2390 1184 2467 Quasi
1194 2408 1258 2453 non
1268 2386 1356 2452 idem
1366 2408 1439 2474 apo·

279 2492 377 2558 stolus
393 2491 524 2575 dixerit,
542 2490 555 2530 ²
565 2490 664 2557 Corde
685 2493 825 2557 creditur
844 2494 889 2558 ad
900 2495 1067 2575 iustitiam,
1088 2513 1142 2556 ore
1162 2502 1266 2556 cutem
1287 2490 1439 2576 confessio

271 2595 313 2679 fit
326 2597 522 2661 adsalutem.
546 2595 669 2660 Vanum
685 2594 753 2660 dico
770 2615 825 2678 ego
841 2616 912 2660 eum
927 2594 1066 2662 laborem
1077 2596 1213 2680 arrIpere
1230 2595 1284 2677 qui
1295 2592 1441 2676 dignatur

278 2697 393 2764 talibus
408 2697 625 2784 respondendo
636 2703 761 2784 tempus
773 2718 966 2780 consumere,
979 2699 1158 2782 iustumque
1169 2695 1274 2762 iudico
1285 2703 1321 2760 ut
1332 2702 1440 2762 tacen-

279 2807 327 2866 tes
341 2802 473 2870 tacendo
488 2803 660 2866 viucamus.

124 2922 175 2974 cap.
187 2921 260 2964 arrv.
342 2904 544 2988 SexagesIma
563 2909 673 2988 quarta
692 2902 831 2970 haeresis
845 2905 1068 2990 Aquariorum,
1089 2905 1142 2988 qui
1163 2923 1201 2967 ex
1216 2901 1275 2967 hoc
1290 2901 1440 2988 appellati
1554 2943 1555 2952 ι

280 3013 354 3072 sunt
371 3008 501 3091 Aquarii
521 3007 605 3090 quod
625 3027 737 3090 aquam
757 3009 890 3074 offerunt
909 3010 943 3072 in
962 3007 1073 3092 poculo
1089 3008 1285 3071 sacramenti.
1322 3005 1441 3072 Dicunt
1554 3071 1555 3074 ,

279 3112 363 3174 enim
377 3111 486 3174 vhrum
500 3110 659 3174 ebrietatis
675 3131 743 3174 esse
759 3131 835 3193 rem,
850 3131 905 3195 per
920 3130 1013 3194 quam
1028 3107 1198 3175 homicidia
1211 3115 1244 3172 ct
1257 3108 1439 3174 fornicatio-

278 3233 335 3278 nes
350 3218 383 3276 et
398 3217 502 3277 cetera
516 3211 635 3276 scelera
649 3219 884 3298 perpetrantur,
904 3233 976 3278 cum
994 3218 1117 3278 constet
1136 3213 1241 3276 omnia
1255 3211 1441 3276 excedentia

277 3315 406 3382 modum
421 3317 539 3380 crimen
554 3315 655 3380 facere
671 3321 703 3379 et
716 3316 827 3380 vitium
841 3335 1014 3401 procreare.
1051 3314 1122 3379 Non
1141 3333 1212 3396 ergo
1234 3315 1301 3376 viui
1314 3313 1440 3396 haustu,
1554 3309 1555 3390 l

279 3419 335 3484 sed
353 3421 515 3484 nimietate
535 3420 667 3483 crimina
686 3421 932 3484 commiltuutur.
970 3417 1050 3496 Quid
1069 3423 1118 3481 est
1136 3419 1222 3480 enim
1242 3417 1326 3500 quod
1346 3421 1440 3484 nimis
1554 3411 1555 3432 *

278 3529 437 3609 sumptum
452 3543 516 3588 non
531 3521 654 3606 culpam
668 3518 826 3586 incurrat?
847 3521 978 3587 Bihatur
997 3522 1092 3584 niueis
1112 3539 1207 3604 aqua,
1226 3519 1395 3586 videamus
1414 3523 1440 3584 si

277 3646 341 3690 non
356 3624 471 3708 laedat,
487 3624 668 3690 comedatur
682 3626 777 3688 nimis
792 3626 898 3709 penis,
917 3624 1079 3688 videamus
1095 3623 1200 3688 sinon
1217 3621 1380 3708 crapulam
1394 3623 1410 3688 I
1425 3656 1439 3670 ·
1554 3663 1555 3700 ι

279 3731 350 3794 ciat.
389 3727 550 3813 Optimum
565 3747 637 3811 ergo
651 3729 684 3790 in
700 3727 794 3792 rebus
809 3725 955 3791 omnibus
970 3725 1097 3790 modum
1112 3731 1255 3790 tenentes
1272 3728 1369 3791 etiam
1383 3725 1439 3792 hos
1554 3741 1555 3782 ι

278 3831 592 3913 anathematizamus,
611 3851 667 3894 our
686 3849 828 3895 cruorem
847 3829 963 3894 Christi
983 3829 1101 3894 afonte
1117 3834 1298 3913 separantes
1314 3832 1438 3914 praeiu-

279 3935 359 4000 dicio
382 3935 605 4000 fornicatorum
627 3939 660 3998 et
680 3931 906 3999 homicidarum
929 3930 1068 4015 regulam
1090 3952 1109 3996 a
1131 3929 1254 3997 Christo
1276 3931 1439 3998 medeam

277 4037 425 4102 audacter
440 4037 637 4121 ¹Infringant.

311 4189 374 4259 Cap.
386 4187 454 4243 LXI.
467 4219 500 4230 -
515 4190 535 4241 I.
548 4185 691 4242 viothanati
704 4189 760 4243 edd.
772 4187 848 4241 Sr'rm.
863 4189 986 4242 Gattand.

310 4258 371 4328 Cap.
384 4257 465 4312 LXII.
484 4285 517 4298 ·-
535 4258 557 4310 1.
575 4259 695 4310 Fortasse
711 4258 899 4310 rescriteurium
915 4267 953 4308 ert
985 4257 1042 4308 nasi
1060 4257 1204 4309 confertum
1220 4265 1276 4318 cett,
1293 4259 1388 4310 recisis
1403 4259 1438 4309 er'e
1554 4223 1555 4266 i

276 4345 340 4396 quae
351 4345 377 4378 se
412 4335 487 4377 uritur
498 4327 581 4378 uerbis
592 4327 628 4378 ihi
639 4325 769 4378 adiiciunt.
828 4323 852 4378 2.
868 4323 961 4377 Metrh.
1019 4325 1083 4388 ,l'h

311 4394 373 4465 Cep.
406 4393 477 4448 XIII.
489 4424 523 4434 -
536 4393 558 4447 1.
570 4394 590 4448 Ι.
602 4393 716 4447 Corinth.
728 4393 799 4459 XIV,
813 4393 852 4446 15.
904 4393 928 4448 2.
941 4393 1016 4446 Rom.
1029 4393 1063 4446 X.
1078 4393 1116 4446 10.

311 4462 372 4531 Cap.
383 4461 475 4516 LXIV.
487 4493 520 4502 -
535 4463 557 4516 l.
570 4463 716 4532 infringunt
725 4463 783 4514 Mu.
794 4463 863 4530 Δις.
