3120 4994
273 297 335 362 315
810 295 895 340 rausi

243 491 246 496 ·
274 453 364 538 donis
379 452 490 537 dogma
504 457 630 519 secutus
645 453 778 520 alterum
792 454 909 523 bonurn
928 459 960 519 et
974 453 1107 520 alterum
1125 457 1242 520 iustum
1265 455 1361 520 deum
1379 475 1427 518 as·

273 557 380 638 seruit,
394 561 554 640 tamquam
567 556 629 622 duo
644 559 799 644 principia
809 559 957 624 creatoris
972 561 1004 621 et
1018 557 1194 624 ¹bonitatis.
1219 557 1336 623 Contra
1349 557 1430 622 buno

273 660 466 744 scripserunt
480 657 652 742 ²lustinus,
667 659 869 746 philosophus
884 665 916 725 st
930 666 1058 744 martyr,
1080 665 1112 724 et
1124 659 1346 746 ³Tbeophylus
1361 681 1430 725 sex·
1539 665 1540 684 l

273 765 323 826 tus
345 760 559 827 Antiochense
581 761 731 827 ecclesiae
756 765 929 850 epiecopus.
972 763 1180 850 ⁴Polycarpus
1201 763 1346 828 Smiruaa
1367 763 1431 848 epi·
1539 795 1540 862 p

271 885 402 950 scopus,
418 863 569 930 ¹Iohannis
584 865 717 951 apostoli
737 865 924 952 discipulus,
938 873 1065 953 propter
1085 865 1235 950 quasdam
1250 885 1347 952 super
1369 867 1432 931 dies

273 967 408 1052 paschae
424 970 621 1052 quaestiones
641 969 699 1034 sub
718 971 904 1054 imperatore
924 969 1100 1034 ⁵Antonino
1126 969 1197 1052 Pio,
1218 969 1389 1034 ecclesiam
1401 971 1433 1032 in
1539 959 1540 966 '

272 1069 358 1136 Urbe
372 1075 500 1154 regente
514 1070 658 1156 Aniceto,
682 1059 813 1136 Romam
826 1075 923 1156 venit,
941 1072 996 1138 ubi
1009 1073 1126 1138 multos
1141 1071 1338 1137 credentium
1351 1072 1432 1136 llar-
1539 1111 1540 1114 =

274 1173 373 1238 cionis
388 1179 420 1237 et
434 1173 593 1238 Valentini
608 1178 809 1260 persuasione
831 1175 977 1261 deceptos
997 1175 1124 1240 reduxit
1141 1176 1181 1240 ad
1196 1175 1300 1240 fidam.
1339 1173 1431 1239 Ourn-

274 1295 333 1360 que
354 1277 384 1339 ei
403 1275 529 1341 fortuito
549 1276 676 1343 obviam
694 1277 806 1343 fuisset
823 1277 961 1344 Marcion
980 1284 1013 1342 et
1032 1278 1178 1360 dixisset,
1197 1278 1358 1362 Cognosce
1378 1298 1432 1343 uos

273 1377 457 1464 Polycarpel
473 1379 645 1464 respondit,
661 1380 818 1464 Cognosce
833 1381 1076 1468 primogenitum
1090 1380 1215 1445 diaboli.

118 1491 256 1543 Car-mv·
336 1479 547 1546 Valentiniani
566 1482 757 1568 apraedioto
779 1484 957 1566 Valentino,
976 1483 1127 1570 praedicti
1147 1483 1316 1548 Marcionis
1338 1483 1432 1548 disci·

272 1583 357 1668 pulo,
370 1583 575 1665 suntvccsti,
590 1587 644 1669 qui
658 1585 815 1669 ¹Aeonas,
829 1583 862 1652 id
874 1593 923 1652 est
933 1587 1041 1652 acuis
1055 1585 1223 1670 quaedam,
1237 1588 1271 1650 iu
1282 1585 1433 1669 originem

274 1683 325 1750 dei
340 1689 487 1752 creatoris
507 1686 647 1770 induxit,
668 1687 904 1774 ²Gbristumque
925 1690 964 1754 de
983 1691 1102 1772 virgine
1122 1687 1202 1752 nihil
1222 1691 1362 1774 corporis
1383 1709 1431 1751 as·

274 1791 456 1874 sumpsisse,
470 1789 526 1854 sed
542 1809 598 1876 per
612 1811 681 1855 eam
696 1794 785 1876 quasi
799 1811 854 1876 per
868 1792 1006 1856 fistulam
1020 1794 1170 1856 transisse
1184 1792 1327 1855 asseruit.

131 1900 180 1952 eso
194 1901 257 1941 xxv·
338 1891 525 1977 ¹Apellitss,
550 1913 681 1976 qnorum
704 1899 811 1958 auctor
835 1894 978 1980 Apelles:
1004 1897 1057 1978 qui
1081 1893 1162 1958 dixit
1186 1891 1347 1958 Christum
1370 1913 1431 1958 nou

275 1993 369 2060 deum
382 1994 416 2058 iu
431 1995 572 2078 veritate,
587 1995 642 2060 sed
657 1997 814 2061 bominem
828 1999 862 2060 in
876 1997 1042 2082 phantasia
1056 1997 1245 2082 apparuisse.

117 2106 171 2158 car·
181 2106 257 2148 nil·
338 2096 482 2162 ¹Tatiani
496 2119 516 2162 a
530 2099 665 2182 quodam
677 2099 806 2164 Tatiano
818 2102 931 2182 vocati,
946 2102 1000 2184 qui
1011 2105 1043 2162 et
1053 2096 1247 2163 ⁹Encratitae
1260 2097 1349 2179 dicti,
1361 2101 1434 2182 quia
1482 2133 1487 2140 ·

274 2219 384 2264 carnes
404 2198 650 2268 'abominantuc
687 2203 806 2267 Horum
825 2201 969 2268 haeresin
994 2201 1185 2284 adaugentes
1207 2199 1388 2284 Savariam,
1416 2221 1435 2264 a

274 2301 389 2367 Severo
411 2307 526 2387 exorti,
543 2307 652 2370 vinum
671 2325 734 2370 non
754 2305 880 2386 bibunt,
898 2311 988 2370 vetus
1008 2309 1232 2368 tastamentum
1247 2309 1280 2367 et
1293 2323 1433 2369 resurre-

275 2407 409 2470 ctionem
423 2409 665 2493 conrecipient.
714 2451 718 2460 ·

107 2517 158 2570 car·
171 2517 256 2558 ΚΜ·
337 2506 499 2592 ¹Nottaui,
514 2531 534 2574 a
547 2511 682 2594 quodam
695 2510 793 2576 Notito
808 2513 921 2591 vocati,
936 2511 989 2594 qui
1003 2509 1168 2574 ²dicebaut
1182 2509 1341 2574 Christum
1356 2529 1434 2574 eun·

274 2609 346 2676 dom
365 2631 433 2677 esse
454 2617 486 2676 et
504 2619 625 2698 patrem
645 2619 676 2677 at
695 2615 838 2698 spiritum
858 2618 1016 2694 sanctum,
1037 2614 1198 2697 ipsamque
1213 2613 1386 2677 trinitatem
1400 2615 1436 2678 in

273 2714 445 2779 officiorum
464 2715 660 2798 nominibus,
680 2718 794 2782 nonin
816 2718 958 2802 personis
977 2716 1144 2800 accipiunt.
1167 2713 1258 2780 Unde
1278 2720 1311 2778 et
1330 2716 1434 2780 Patri·

273 2819 412 2904 passiaui
427 2817 583 2901 dicuntur,
598 2821 671 2903 quia
685 2825 805 2904 patrem
819 2839 948 2904 passum
962 2819 1079 2882 dicunt.

95 2927 146 2982 can
158 2927 256 2972 ”illi
336 2919 507 2986 Sabelliani
522 2922 562 2986 ab
578 2921 688 2986 eodem
701 2921 798 2986 Nodto
814 2921 984 3006 pullulasse
1005 2919 1166 3002 dicuntur,
1186 2919 1274 2984 cuius
1294 2919 1434 3006 discipu-

160 3037 163 3049 ·
272 3023 338 3089 lam
350 3022 641 3103 luissaSabellium3
657 3045 695 3088 ex
710 3026 798 3088 cuius
813 3025 938 3089 nomine
954 3025 1090 3087 maxima
1105 3025 1318 3087 innotuerunt
1341 3021 1435 3088 Unda

274 3132 306 3190 et
320 3125 491 3191 Sabelliani
505 3126 581 3191 dicti
596 3133 678 3190 sunt
714 3127 755 3192 lli
775 3145 869 3190 unam
883 3145 1050 3212 personam
1070 3128 1168 3210 patris
1190 3129 1222 3190 et
1241 3125 1296 3189 lilii
1317 3131 1349 3189 et
1366 3127 1434 3211 spi·

273 3231 352 3294 ritus
367 3231 469 3294 sancti
484 3235 637 3294 astruunt.
675 3228 882 3295 contrahens
902 3229 1063 3310 haeresin,
1078 3233 1217 3314 ternpore
1231 3227 1352 3292 Aurelii
1371 3230 1433 3294 im-

272 3334 424 3417 peratoris
440 3337 589 3413 exortam,
604 3333 730 3417 scripsit
749 3332 934 3416 ¹Dionysius
954 3330 1183 3395 Alexandrinae
1203 3331 1289 3395 urbis
1310 3333 1433 3416 episco-

273 3456 343 3520 pus,
359 3433 500 3518 Origenis
515 3434 637 3500 auditor
650 3437 891 3518 insignissimus.
914 3434 1002 3498 Hanc
1018 3435 1112 3497 etiarn
1123 3439 1261 3519 tempore
1277 3433 1433 3500 Constan-

276 3540 337 3602 tini
360 3540 557 3622 imperatoris
576 3535 688 3602 ’Arius
714 3537 877 3623 presbyter
895 3535 1126 3602 Alexandrinus
1154 3555 1299 3621 perverse
1323 3535 1435 3601 volens

274 3643 426 3724 corrigere
442 3645 642 3706 coaeteruum
652 3642 734 3726 patri
747 3640 847 3704 lilium
861 3659 925 3704 non
939 3642 1075 3723 agnovit,
1089 3641 1123 3702 in
1137 3641 1277 3704 trinitate
1293 3637 1433 3705 diversas

274 3743 466 3810 substantias
482 3744 625 3826 asseruit,
640 3748 748 3808 eontra
761 3742 840 3808 illud
854 3739 955 3826 ³quod
970 3744 1015 3806 ait
1030 3741 1183 3824 dominus,
1203 3741 1283 3824 ⁴Ego
1298 3747 1331 3806 et
1343 3747 1435 3827 pater

342 3893 405 4016 Cap.
416 3893 514 3949 XXlII.
526 3923 559 3933 —
579 3893 601 3946 i.
614 3888 657 3946 Ira
669 3895 724 3946 cod.
737 3893 799 3947 975.
823 3895 862 3945 Aa
872 3897 926 3948 cod.
939 3891 1018 3946 1752.
1031 3894 1107 3946 tader
1117 3893 1236 3946 bominis.
1280 3893 1304 3946 2.
1318 3892 1357 3962 Cf.
1371 3893 1432 3946 His·

274 3961 684 4101 reaestuat-,att
697 3961 1432 4100 istauttsstattisussttear

342 4101 404 4172 Gap.
415 4099 512 4154 XXIV.
524 4131 558 4140 -
577 4099 598 4152 l.
617 4114 696 4156 aouaa
714 4097 1096 4162 cod.975.couascod.1752.
1147 4097 1171 4150 i.
1187 4097 1232 4149 Iro
1249 4101 1361 4162 sarrai,
1377 4115 1432 4150 casa

275 4173 302 4222 io
314 4171 387 4222 la'tn's
398 4172 500 4220 sebastia
511 4169 611 4236 Ispahar
622 4166 753 4221 Christum
765 4166 841 4237 quod
865 4169 945 4236 Apud
955 4167 1085 4219 Isidorum
1098 4175 1168 4219 astat
1178 4164 1309 4219 Christum
1320 4181 1431 4238 quoque.

343 4237 404 4308 Gap.
416 4237 501 4290 XXV.
513 4267 546 4276 -
566 4237 587 4291 l.
600 4236 622 4289 A
640 4235 727 4306 pellite
739 4251 850 4305 quorum
861 4239 936 4288 autor
947 4235 1061 4306 appellas
1074 4237 1147 4289 codd.

343 4305 405 4376 Gap.
417 4304 514 4358 XXVI.
526 4333 560 4344 —
580 4305 601 4357 l.
618 4253 724 4358 luciani
741 4320 758 4356 a
773 4303 885 4374 quodam
902 4304 1014 4356 Tauiana
1033 4305 1105 4356 codd.
1156 4301 1180 4355 2.
1198 4301 1341 4356 morathita
1358 4304 1431 4356 codd.

276 4371 300 4426 3.
313 4373 512 4427 abhominantur
524 4375 579 4426 eod.
592 4372 653 4426 975.
665 4369 864 4426 abhominantur
875 4374 930 4426 eod.
943 4371 1022 4426 1752.

343 4442 405 4512 Gap.
416 4439 525 4495 XXVII.
538 4471 571 4481 -
591 4441 612 4493 l.
624 4439 751 4494 Ncetbaui
764 4442 836 4494 codd.
887 4439 912 4493 2.
924 4439 1026 4494 dicabm
1038 4441 1110 4494 codd.

344 4508 582 4579 Gap.xxv111.-
602 4510 623 4560 l.
637 4509 675 4577 Os.
688 4509 833 4578 Hieronym.
857 4508 898 4561 Da
913 4507 1017 4579 Scripta
1035 4507 1133 4562 Euclea.
1147 4525 1204 4578 cop.
1218 4507 1261 4562 68.
1301 4507 1326 4562 2.
1341 4507 1430 4562 sorim

281 4577 354 4630 codd.
404 4576 429 4629 3.
441 4577 545 4648 quidam
557 4579 629 4632 codd.
685 4575 827 4632 blahano.
839 4575 928 4632 X-30.
