3112 4986
438 301 592 344 AUGUS'HNI
605 301 644 344 DE
657 299 834 344 musanus
847 299 939 342 amsa
1217 303 1277 368 19⁵1

118 462 273 526 Graecam
287 463 541 546 supputationem
556 459 690 524 eundem
703 479 868 524 numerum
889 453 1055 542 complent.
1093 457 1174 522 Sunt
1193 459 1278 521 enim

117 569 258 648 septem,
282 574 302 626 Α
322 569 388 628 etB
412 571 444 628 et
464 569 482 620 P
502 567 569 626 etl
592 568 750 626 atrata
773 569 805 624 et
824 565 845 618 Ξ
865 561 897 625 id
920 567 969 624 est
989 581 1087 624 unum
1110 566 1142 624 et
1163 559 1223 626 duo
1244 565 1277 622 et

118 673 249 732 centurn
270 673 302 732 et
322 685 420 731 unum
440 673 473 730 et
487 668 647 748 sexaginta
667 671 699 728 et
712 685 809 730 unum
830 669 861 728 et
875 664 1024 746 ducenta,
1047 661 1125 747 quae
1144 663 1224 728 liunt
1241 665 1277 728 in

118 791 244 835 summa
258 769 417 835 ²trecenta
431 771 593 853 sexaginta
607 770 752 852 quinque.

182 873 356 938 Nicolaitae
372 872 528 938 aNicolao
542 873 694 936 nominati
707 876 796 952 sunt,
811 891 889 952 uno,
904 877 939 934 ut
949 870 1147 955 perhibetur,
1163 867 1276 934 axillis
1295 883 1346 937 cn
1359 884 1384 925 v·

117 983 242 1062 septem
264 997 341 1061 quos
363 976 495 1061 apostoli
519 975 665 1040 diaconos
689 973 933 1038 ¹ordinauerant.
969 973 1033 1037 lste
1056 993 1127 1038 curn
1150 971 1187 1036 de
1211 971 1276 1036 zelo

117 1080 347 1166 pulcherrimae
363 1081 502 1162 coniugis
518 1078 709 1164 culparetur,
730 1077 815 1140 volut
834 1077 988 1162 purgandi
1003 1097 1035 1139 se
1052 1097 1145 1140 causa
1159 1077 1275 1161 permi-

117 1187 198 1248 sisse
214 1183 312 1246 sertur
326 1188 361 1246 nt
375 1203 412 1245 ea
427 1185 480 1266 qui
494 1181 588 1245 vellet
602 1185 750 1246 uteretur.
787 1179 875 1258 Quod
891 1183 957 1244 eius
972 1180 1089 1244 factum
1110 1182 1142 1242 in
1158 1185 1276 1244 sectam

118 1287 334 1372 turpissimam
353 1305 479 1350 versum
499 1291 561 1367 est,
581 1305 642 1368 qua
662 1283 766 1368 placet
785 1305 860 1348 usus
880 1283 1060 1348 indifferens
1079 1282 1274 1371 laminarum.
1373 1269 1378 1284 ’

118 1391 159 1454 Ηί
174 1409 233 1452 nec
248 1389 287 1452 ab
303 1391 342 1452 iis
358 1409 436 1472 quae
451 1387 543 1452 idolis
558 1386 758 1460 immolantur
774 1387 859 1450 cibos
876 1407 948 1450 suos
970 1391 1130 1470 separant,
1151 1391 1183 1450 et
1198 1385 1275 1450 alios

45 1505 51 1514 ·
119 1495 198 1556 ritus
221 1491 383 1574 gentilium
405 1492 662 1576 superstitionum
683 1510 746 1553 non
767 1487 978 1552 2av0rsantur.
1022 1488 1157 1552 Narrant
1182 1491 1276 1554 etiam

119 1593 272 1678 quaedam
286 1593 428 1658 fabulosa
443 1593 481 1657 de
496 1591 629 1673 mundo,
650 1594 754 1657 nescio
777 1612 854 1676 quae
875 1591 1007 1654 barbara
1026 1593 1204 1675 principum
1217 1611 1274 1654 nc·

118 1699 206 1762 mina
227 1699 394 1760 miscentes
417 1694 680 1780 disputationibus
703 1698 784 1776 suis,
814 1694 926 1777 quibus
950 1699 1087 1757 terreant
1108 1691 1275 1772 auditores,

118 1819 198 1884 qnae
213 1797 420 1884 pmdentibus
436 1801 533 1862 risum
547 1801 650 1883 potius
666 1798 785 1861 facium
800 1818 892 1880 quam
907 1799 1060 1862 timorem.
1091 1795 1273 1878 intelligun-

117 1911 169 1966 tur
184 1908 289 1966 autern
304 1904 398 1965 etiam
418 1904 471 1965 isti
491 1923 554 1966 non
576 1901 633 1964 deo
653 1901 789 1966 tribucre
805 1906 995 1981 creaturam,
1017 1900 1073 1964 sed
1089 1898 1274 1983 quibusdam

119 2005 326 2090 potestatibus
343 2025 420 2088 quas
434 2003 569 2086 mirabili
584 2003 634 2068 vol
650 2004 771 2084 fingunt
785 2005 922 2066 vanitate
937 2003 989 2067 vel
1006 2001 1145 2066 credunt.

183 2109 323 2172 Gnostici
343 2113 471 2193 propter
491 2107 709 2172 excellentiam
730 2109 878 2170 scientiae
899 2109 944 2170 sic
964 2127 997 2169 se
1018 2105 1189 2191 appellatos
1206 2125 1274 2171 esee
1293 2113 1394 2168 0⁵1³·st

118 2210 166 2275 rel
183 2209 332 2296 appellari
353 2210 497 2274 debuisse
510 2211 703 2294 gloriantur,
723 2229 793 2273 eum
814 2211 877 2271 sint
896 2209 1108 2294 superioribus
1130 2211 1274 2274 omnibus

120 2317 261 2378 vaniores
277 2319 368 2397 atque
384 2315 547 2398 turpiores.
577 2313 718 2396 Denique
735 2333 806 2374 oum
821 2312 860 2375 ab
875 2312 946 2380 aliis
961 2319 1053 2396 atque
1070 2312 1139 2377 aliis
1154 2333 1210 2398 per
1226 2315 1273 2377 di-

118 2437 224 2482 versas
245 2421 396 2480 terrarum
417 2421 522 2502 partes
544 2415 635 2478 aliter
655 2420 746 2499 atquo
767 2401 857 2478 aliter
875 2420 1110 2502 nuncupentur,
1132 2416 1275 2481 nonnulli

119 2541 171 2584 eos
187 2522 282 2583 otiam
295 2517 475 2582 Borboritas
490 2523 612 2601 vocant,
628 2521 716 2601 quasi
732 2539 895 2599 coenosos,
916 2525 1043 2604 propter
1064 2521 1192 2584 nimiam
1207 2526 1273 2583 tur·

118 2623 303 2707 pitudinem,
319 2643 412 2705 quarn
427 2625 460 2684 in
475 2624 540 2685 suis
555 2623 712 2704 mysteriis
728 2641 872 2686 exercere
888 2621 1043 2686 dicuntur.
1066 2622 1172 2706 Aliqui
1187 2644 1239 2686 eos
1256 2645 1275 2686 a

117 2725 280 2790 Nicolaitis
293 2691 415 2788 eonos
427 2731 548 2809 putant,
564 2724 659 2809 aliqui
671 2745 690 2787 a
701 2725 885 2808 Garpocrate
898 2723 936 2787 de
948 2745 1008 2808 quo
1019 2731 1092 2810 post
1102 2725 1273 2809 loquemur.

118 2827 260 2893 Tradunt
275 2833 379 2892 antem
396 2827 542 2909 dogmata
556 2827 795 2892 fabulosissimis
809 2827 903 2912 plena
918 2817 1088 2910 figmentis:
1104 2830 1198 2892 etiam
1213 2831 1274 2914 ipsi

119 2933 295 3016 principum
314 2929 363 2992 vel
382 2928 562 3012 angelorum
581 2929 761 2994 nominibus
782 2929 973 2994 terribilibus
993 2930 1133 2994 infirmas
1154 2935 1274 2996 animas

120 3037 261 3120 capiunt,
276 3033 360 3096 etde
376 3032 432 3097 deo
449 3053 612 3118 rerumque
627 3037 739 3096 natura
752 3032 894 3098 sabulosa
908 3039 940 3097 et
953 3055 972 3096 a
987 3036 1120 3097 sanitate
1134 3038 1275 3100 veritatis

120 3137 220 3200 aliena
241 3135 339 3200 multa
359 3141 537 3200 contexunt.
573 3136 758 3200 Animarum
778 3137 985 3200 substantiam
1006 3136 1056 3202 dei
1077 3136 1186 3202 dicunt
1205 3159 1274 3203 esse

120 3245 271 3320 naturam,
287 3259 455 3323 earumque
470 3239 639 3303 adventum
650 3241 683 3301 in
694 3239 770 3303 haec
787 3239 932 3323 ¹corpora
943 3246 974 3302 et
985 3239 1119 3304 reditum
1131 3241 1170 3305 ad
1182 3240 1274 3306 deum

119 3341 230 3406 iisdem
246 3344 312 3405 suis
327 3343 440 3406 fabulis
456 3343 645 3424 longissimis
662 3348 693 3406 et
707 3342 902 3406 stultissimis
916 3343 1088 3407 secundnm
1103 3365 1175 3408 suos
1190 3367 1273 3409 erro·

121 3467 169 3510 res
182 3448 340 3510 inserunt:
356 3451 388 3508 et
401 3445 470 3510 illos
487 3447 538 3528 qui
554 3448 599 3508 eis
615 3445 746 3508 credunt
760 3446 879 3511 iaciunt
893 3465 956 3510 non
970 3446 1084 3529 multa,
1104 3452 1140 3510 ut
1152 3453 1274 3533 putant,

120 3549 250 3612 scientia
261 3548 463 3632 praepollere,
476 3547 531 3612 sed
543 3547 652 3630 multa,
664 3553 698 3611 ut
709 3550 753 3611 ita
765 3548 876 3629 dicam,
888 3549 1085 3614 fabulositate
1093 3569 1270 3617 vanescere.

119 3650 271 3714 Dicuntur
283 3671 403 3734 quoque
416 3651 533 3715 bonum
545 3650 637 3714 deum
653 3657 684 3716 et
698 3649 815 3715 malum
830 3651 922 3715 deum
937 3654 971 3715 in
987 3655 1050 3716 suis
1065 3651 1179 3717 habere
1197 3653 1271 3738 dog·

119 3755 261 3820 metibus.

167 3906 191 3958 2.
210 3906 324 3958 Veterum
331 3905 403 3958 MSS.
417 3909 569 3958 auctoritate
581 3911 742 3976 espurm'mue
753 3906 831 3958 aerbo
844 3906 908 3959 boec
918 3927 981 3975 quoe
990 3911 1021 3960 dc
1032 3909 1204 3962 Basilr'dr'ana‘s
1213 3908 1274 3964 doe·

6 3991 7 3996 ¹
120 3977 205 4026 reticio
217 3976 280 4025 editi
291 3977 401 4026 addant:
412 3973 540 4028 Mundum
552 3975 631 4026 istum
642 3976 683 4026 vel
695 3973 827 4028 hominem
838 3993 891 4028 non
903 3976 1009 4028 credunt
1019 3993 1035 4028 a
1047 3977 1094 4030 deo
1105 3977 1214 4044 metum,
1226 3979 1273 4033 secl

119 4060 133 4093 a
144 4042 324 4095 trecentesimo
337 4043 502 4111 sexagesimo
515 4044 604 4112 quinto
617 4044 695 4095 caelo.
719 4044 852 4096 Amatoria
868 4044 980 4096 carmina
992 4045 1106 4097 studiose
1119 4045 1227 4102 discunt.
1249 4049 1272 4102 Α

118 4110 218 4190 ludaeis
230 4128 283 4163 non
295 4111 402 4164 credunt
414 4111 544 4164 Christum
556 4111 716 4176 crucifixum,
729 4112 774 4164 sed
786 4112 919 4184 Simonem
932 4111 1116 4182 (tyrenensem,
1133 4116 1178 4184 qui
1190 4133 1270 4187 auga·

118 4185 198 4232 natus
210 4180 314 4231 sustulit
325 4195 427 4231 crucem
439 4180 502 4232 eius.
526 4179 646 4249 (Bened.)

168 4247 230 4316 Cap.
236 4247 267 4299 V.
276 4279 308 4288 -
322 4247 343 4302 l.
359 4249 417 4299 Act.
436 4247 512 4311 Vl‚5.
558 4247 582 4300 2.
595 4247 645 4302 Ed.
658 4247 853 4300 bononiensium
863 4248 1040 4304 adversantur.
1064 4251 1156 4304 Melius
1165 4253 1271 4308 Erosnn'

119 4317 193 4368 aditio
207 4333 261 4366 rum
272 4315 345 4368 MSS.
358 4322 518 4370 aversantur.
543 4315 660 4386 (Benedl
1142 4347 1144 4351 ·

168 4383 229 4454 Gap.
241 4383 285 4436 Vl.
298 4415 330 4423 -
345 4385 366 4436 1.
378 4385 465 4438 Editio
478 4383 596 4436 Eraama':
609 4401 716 4454 corpora
726 4401 784 4438 cum
796 4385 854 4438 aliis
866 4386 949 4439 atreis
961 4387 1096 4442 animabus
1107 4389 1195 4443 dicunt
1205 4391 1268 4457 fieri,

119 4467 163 4522 per
175 4469 240 4522 qaas
257 4455 364 4522 paccata
379 4453 407 4504 in
425 4453 573 4522 corporibus
590 4455 791 4506 committuntur.
823 4453 889 4506 Nam
907 4456 965 4508 ibas
982 4457 1082 4510 animas
1099 4475 1165 4530 qnae
1181 4477 1215 4512 ex
1228 4459 1268 4516 dei

137 4519 260 4574 recedunt
275 4519 421 4573 substantia
436 4522 528 4574 reverti
545 4520 578 4573 ad
595 4521 671 4576 deum
687 4523 875 4576 immaculatas.
909 4523 1035 4579 Dicuntur
1051 4535 1107 4582 cen.
1125 4527 1220 4582 Locum
1238 4548 1268 4583 aa

148 4588 191 4641 SS.
205 4587 388 4658 exemplaribus
400 4591 607 4656 redinteprarunt
618 4589 795 4644 bononienses.
820 4590 938 4663 (Bened.)
