3112 4986
297 279 359 344 190

297 455 370 499 nem
385 435 418 498 in
432 431 576 498 Latinam
586 432 726 518 linguam
739 436 821 498 verti
835 431 957 498 facilius
973 437 1066 518 atquc
1081 433 1286 518 commodius,
1299 441 1336 500 ut
1348 438 1384 498 tn
1397 455 1456 520 po-

296 539 359 601 tius
374 543 513 622 praestes
528 537 619 602 nobis
635 536 718 621 quod
733 538 856 621 quaeris
871 558 891 600 a
905 536 1006 602 nobis.

359 639 550 705 Perletorem
574 639 708 705 multum
733 639 925 705 commendo.
970 638 1186 705 Subdiaconus
1213 645 1262 704 est
1287 639 1326 704 de
1351 645 1479 735 nostre·

297 741 448 825 dioecesi,
470 743 509 808 de
525 743 621 808 fundo
634 749 740 808 autern
754 745 811 807 viri
822 741 1003 828 spectabilis
1015 742 1166 827 nobisque
1179 744 1333 807 carissimi
1343 741 1458 807 ‘Oron-

296 847 341 908 tii.
363 845 423 910 Pro
438 845 492 911 illo
508 852 612 910 autem
627 852 659 910 et
672 868 728 932 pro
744 848 811 910 eius
826 851 926 932 petre,
940 867 959 909 a
973 866 1033 930 quo
1049 845 1213 932 adoptatus
1228 851 1292 928 est,
1307 847 1403 910 etiam
1418 844 1459 910 ad

297 951 401 1034 ipsum
417 951 544 1035 scripsi3
565 971 642 1034 quas
662 949 782 1014 litteras
798 969 869 1014 cnm
883 948 994 1032 legerit
1009 947 1187 1014 Christiana
1200 948 1379 1031 benignitas
1393 955 1459 1028 tus,

242 1113 254 1140 Ι
298 1057 369 1136 peto
384 1057 420 1116 ut
435 1073 487 1116 eas
502 1051 586 1138 apud
599 1059 805 1117 memoratum
819 1054 921 1116 virum
935 1057 989 1116 tua
1002 1053 1227 1116 intercessione
1248 1051 1389 1116 adiuvari
1410 1051 1458 1116 di·

297 1157 411 1238 gneris.
435 1155 508 1220 Misi
524 1161 630 1220 autem
646 1175 717 1219 cum
732 1154 786 1220 illo
803 1158 898 1219 etiam
912 1155 1072 1220 hominem
1086 1153 1248 1237 ecclesiae,
1262 1173 1302 1218 ne
1318 1153 1358 1218 ad
1372 1159 1460 1220 tuam

298 1260 497 1322 sanctitatem
520 1257 657 1322 difficihs
679 1261 707 1322 ei
730 1265 815 1324 esset
836 1279 990 1323 accessus.
1027 1257 1098 1322 Non
1120 1259 1205 1322 enim
1224 1277 1336 1342 parurn
1351 1258 1389 1323 dc
1405 1256 1459 1322 illo

298 1359 449 1424 solhoitus
465 1381 549 1438 sum3
565 1383 584 1424 a
599 1381 660 1445 qus
674 1381 724 1426 mo
740 1359 951 1426 sollicitudine
968 1360 1129 1444 dominus,
1149 1367 1184 1424 ut
1198 1381 1300 1446 spero,
1314 1381 1372 1445 pcr
1385 1365 1458 1425 tuae

298 1465 437 1530 cantatis
453 1464 636 1528 instantiam
650 1463 805 1528 liberabit.
827 1463 904 1529 Peto
919 1466 1015 1528 etiam
1029 1463 1108 1528 mihi
1121 1463 1372 1530 rescribere‘non
1386 1483 1458 1546 gra·

297 1568 379 1630 veris
395 1566 656 1650 quemadmodum
670 1569 712 1630 sit
726 1569 759 1632 in
774 1565 835 1631 fide
848 1566 1000 1632 catholica
1014 1565 1066 1630 ille
1078 1565 1283 1649 Theodosius,
1297 1585 1460 1652 perquem

297 1667 470 1734 Manichaei
485 1669 626 1736 nonnulli
642 1675 716 1734 sunt
730 1669 860 1756 proditi3
876 1676 908 1733 et
921 1672 982 1756 ipsi
998 1689 1074 1754 quos
1089 1669 1128 1734 ab
1143 1690 1179 1734 eo
1194 1667 1351 1754 proditos,
1365 1675 1458 1755 puta-

297 1793 367 1836 mus
383 1793 451 1836 esse
468 1778 631 1838 correctos.
669 1773 703 1838 Si
723 1772 798 1856 quid
817 1775 913 1837 etiam
932 1772 970 1836 de
990 1773 1376 1858 proiectionessnctorum
1391 1774 1458 1856 epi·

298 1896 461 1961 scoporum
475 1875 554 1940 forte
570 1875 729 1958 audivisti,
744 1876 793 1940 sco
809 1881 844 1940 ut
858 1877 1007 1940 noverim.
1029 1875 1094 1942 Deo
1109 1877 1207 1940 vivas.

300 2149 463 2215 ¹D0m0
484 2151 630 2216 mm
650 2151 889 2216 mmmm
907 2153 956 2214 AG
974 2149 1197 2216 enemente
1211 2149 1328 2214 SACBO
1341 2151 1460 2218 nam

678 2255 890 2318 seuuemo
904 2253 1077 2318 HISGOPO

601 2369 924 2436 Quonvununnus
941 2366 1153 2425 nlnuouus.

360 2511 467 2580 Unum
478 2511 604 2596 quidem
614 2513 807 2578 reverentiae
818 2517 890 2576 tuae
901 2488 1182 2592 commonitorium,
1196 2508 1278 2594 quod
1289 2530 1347 2596 per
1357 2507 1457 2576 eccle·

299 2603 461 2682 sissticum
476 2615 621 2698 diguatus
636 2635 670 2680 es
682 2615 851 2697 destinare,
865 2617 999 2701 suscepi.
1021 2613 1102 2680 Nam
1113 2612 1195 2698 quod
1206 2615 1293 2698 prins
1305 2611 1459 2680 directum

299 2741 367 2784 esse
382 2717 541 2784 beatitudo
556 2725 611 2785 tua
625 2719 823 2801 significavit,
837 2731 894 2806 per
907 2720 1009 2784 virum
1025 2715 1241 2784 honorabilem
1254 2715 1459 2797 Philocslum,

298 2821 542 2888 necdumadme
553 2823 706 2908 pervenit
727 2821 998 2907 Verumquemvis
1011 2821 1155 2886 conscius
1166 2821 1365 2905 propriorum
1376 2839 1457 2886 sem·

209 3005 212 3012 .
299 2945 354 3008 per
369 2925 482 2990 fuerim
495 2929 713 3010 peccatorum,
732 2945 815 2990 nunc
830 2929 938 2988 tamen
952 2922 1113 2988 evidenter
1127 2925 1239 3006 agnovi
1254 2921 1457 3007 adipiscendo

298 3027 345 3092 illi
367 3027 449 3111 quod
472 3029 597 3092 exoravi
619 3030 742 3092 muneri
763 3047 866 3092 mecm
890 3029 949 3092 toti
971 3025 1121 3094 ecclesiae
1143 3023 1367 3110 impedimento
1391 3045 1458 3090 osse

299 3151 474 3214 personam.
505 3129 567 3194 Sed
582 3131 707 3195 omnino
723 3129 844 3195 conlido
860 3131 1008 3214 quoniam
1022 3130 1077 3213 qni
1091 3149 1147 3215 per
1161 3130 1247 3192 unici
1262 3130 1311 3192 sui
1325 3131 1458 3211 gratiam

299 3231 429 3298 humani
443 3235 564 3315 generis
580 3232 725 3315 dignatus
740 3240 790 3298 est
803 3232 907 3300 delere
922 3233 1070 3312 facinora,
1084 3251 1143 3296 nec
1157 3251 1228 3296 mec
1238 3232 1271 3294 in
1286 3232 1459 3316 perniciem

300 3341 482 3400 cunctorum
495 3333 673 3421 praevalere
687 3338 857 3421 permittet,
872 3338 1035 3420 potiusque
1049 3333 1104 3399 nbi
1115 3333 1288 3398 abundarit
1296 3340 1459 3418 peccatum

299 3441 430 3520 gretiam
444 3439 539 3504 leciet
553 3437 742 3520 redundare,
763 3438 889 3504 domine
908 3440 1020 3503 merito
1040 3436 1227 3502 venerabihs
1246 3457 1283 3500 ac
1297 3457 1371 3502 vere
1388 3443 1457 3502 bea·

298 3543 419 3606 tissime
434 3549 532 3626 pater.
555 3540 779 3606 Difficulutom
790 3543 903 3626 operis,
918 3541 1001 3626 quod
1012 3539 1204 3606 instruendis
1215 3541 1458 3624 imperitissimis

299 3643 389 3709 nobis
411 3665 468 3729 per
488 3651 575 3710 tuam
596 3644 836 3710 beneficentiam
857 3646 1010 3728 praestari
1032 3642 1216 3728 suppliciter
1237 3645 1379 3722 exorari,
1402 3661 1458 3707 nec

300 3749 366 3830 ipse
386 3749 533 3830 ignorans
552 3752 625 3811 ante
644 3746 801 3832 praedixi,
821 3746 878 3814 sed
897 3745 936 3810 de
958 3747 1056 3812 divini
1075 3746 1171 3811 sontis
1187 3745 1344 3826 ubertate,
1365 3765 1458 3828 quam

299 3849 357 3914 tihi
374 3849 519 3916 dominus
533 3849 655 3942 tribuit,
670 3852 773 3914 veraci
787 3849 880 3914 corde
894 3851 1100 3934 praesumpsi.

362 3951 443 4017 Nam
458 3954 518 4018 etsi
532 3951 718 4017 Philsstrius
733 3958 765 4016 et
778 3951 971 4037 Epiphanius
986 3951 1157 4018 uenerandi
1172 3953 1312 4036 episcopi
1326 3949 1390 4014 tale
1401 3949 1458 4014 sli-

300 4054 376 4138 quid
390 4058 554 4140 scripsisse
569 4059 796 4137 memorentur,
819 4055 900 4140 quod
922 4055 1029 4141 procul
1052 4053 1146 4119 dnbio
1169 4073 1220 4119 me
1242 4057 1324 4117 inter
1345 4059 1459 4134 cetere,

301 4161 395 4224 immo
411 4159 493 4222 siout
507 4160 626 4241 omnis,
640 4157 732 4240 latet,
753 4179 816 4223 non
830 4165 936 4223 tamen
952 4157 1085 4224 arbitror
1099 4177 1152 4222 eos
1167 4155 1248 4221 hanc
1264 4175 1371 4220 curam
1386 4155 1458 4220 dili·

300 4263 498 4346 gentiamque
515 4261 710 4343 adhibuisse,
732 4267 767 4325 ut
781 4260 912 4346 singulis
928 4260 1102 4347 quibusque
1119 4259 1318 4345 opinionibus
1333 4263 1458 4324 contra·

350 4430 375 4484 4.
387 4429 715 4514 AliquotMSrtl'llonorati.
727 4429 849 4551 ffm‘ll
940 4505 944 4515 Ι
1104 4503 1108 4514 Ι
1131 4503 1136 4514 ¹
1157 4501 1162 4514 ι
1295 4501 1300 4512 .

353 4501 376 4551 l.
393 4499 441 4550 Est
457 4499 521 4550 loro
539 4501 645 4569 epistola
658 4497 728 4552 CCX
756 4499 808 4552 111
820 4507 916 4551 sotere
957 4507 984 4556 tt.
996 4501 1134 4568 deportem
1150 4517 1178 4550 ιιι
1192 4499 1256 4570 Opp.
1275 4515 1328 4551 eius
1345 4507 1402 4554 tom.
1416 4497 1457 4554 11.

303 4567 361 4619 edit.
374 4564 532 4621 Benedictio.
551 4565 591 4636 Cf.
603 4571 680 4621 cuasa
690 4571 764 4635 epist.
777 4565 893 4625 CCXXI
920 4607 935 4633 .,
946 4587 997 4638 qun
1009 4570 1167 4638 Aequoribus
1178 4569 1353 4636 etrespondet.
