3112 4986
618 297 785 340 PRAEFATIO.
1221 301 1280 366 193

114 455 202 538 ipsas
217 456 336 540 primas
350 454 443 520 huius
458 454 575 519 laboris
590 457 653 520 mei
668 461 784 539 partes,
799 453 853 518 ubi
868 459 917 518 est
930 457 992 518 ista
1005 454 1208 540 praelocutio,
1225 477 1279 520 cu-

114 561 183 621 ravi
197 564 270 622 tuae
286 561 408 622 caritati
422 561 455 622 in
467 557 582 622 auxilio
594 557 714 622 domini
725 557 896 622 accelerare
908 559 1093 622 mittendas:
1108 565 1144 622 ut
1154 567 1281 644 propter

114 659 170 724 illa
186 681 265 744 quae
280 668 402 725 restam
415 663 564 727 noveritis
581 667 732 745 quantum
747 682 801 746 pro
817 681 868 736 me
881 681 967 726 orare
980 661 1132 742 debeatis,
1146 665 1279 746 quicun-

114 783 176 846 qne
198 785 291 829 nosse
312 767 477 849 potueritis
497 787 515 828 e
535 785 584 828 me
604 767 667 828 iam
686 764 784 827 fuisse
805 771 986 849 susceptum
1006 764 1064 829 hoc
1084 771 1149 828 tem
1164 763 1279 848 grande

115 870 292 950 negotium,
313 867 396 950 quod
416 889 435 931 a
454 888 505 932 me
526 867 711 932 desideratis
725 867 859 951 impleri.
895 867 981 932 Petis
997 888 1084 950 ergo,
1105 867 1188 952 quod
1208 875 1279 932 tuae

113 969 259 1034 indicant
279 969 401 1034 litterae
423 991 500 1054 quas
515 971 555 1034 ad
569 991 620 1035 me
635 970 750 1036 dedisti
766 973 986 1055 cumprimum
1003 993 1023 1034 a
1035 991 1086 1034 me
1101 977 1207 1056 petere
1219 973 1281 1035 iste
1315 971 1317 974 ’

115 1075 259 1157 coepisti,
274 1079 310 1136 ut
324 1093 478 1158 exponam
494 1074 645 1155 breviter,
660 1075 823 1158 perstricte
839 1079 931 1157 atque
948 1077 1145 1157 summatim,
1166 1096 1204 1137 cx
1220 1095 1279 1158 quo

116 1175 295 1240 Christiana
310 1176 417 1258 religio
432 1177 603 1261 promissae
619 1175 820 1242 haereditatis
834 1197 950 1240 nomen
965 1179 1097 1262 accepit,
1113 1199 1191 1262 ques
1204 1179 1279 1242 hae·

115 1299 202 1342 reses
217 1279 350 1360 fuerint,
365 1281 443 1361 sint,
459 1299 535 1363 quos
551 1286 670 1344 errores
685 1279 858 1361 intulerint,
874 1281 1025 1361 inserant,
1041 1279 1116 1363 quid
1131 1281 1281 1345 adversus

117 1381 304 1446 catholicam
319 1381 485 1448 ecclesiam
500 1385 670 1464 senserint,
691 1385 843 1463 sentiant,
865 1381 902 1446 de
918 1382 995 1464 fide,
1016 1383 1054 1446 de
1069 1387 1225 1466 trinitate,
1241 1384 1280 1448 de

115 1483 288 1570 baptismo,
309 1485 347 1550 de
369 1487 575 1570 paenitentia,
596 1485 634 1550 de
648 1485 775 1550 homins
792 1483 929 1564 Christo,
951 1485 989 1549 de
1010 1485 1067 1550 deo
1083 1486 1221 1570 Christo,
1242 1485 1279 1550 de

116 1591 359 1669 resurrectione,
380 1589 417 1652 de
434 1609 514 1654 novo
530 1594 562 1652 et
575 1591 673 1652 veteri
687 1594 887 1652 testamento.
924 1589 1004 1652 Istas
1025 1595 1130 1654 autem
1146 1592 1279 1674 inquisi-

116 1693 217 1756 tiones
232 1700 304 1754 tuas
318 1693 352 1755 in
367 1693 555 1756 immensum
570 1690 738 1776 procedere
754 1713 825 1757 curn
836 1690 969 1773 videreq
984 1693 1280 1776 putasticuiusdam

117 1794 330 1875 generalitatis
341 1792 554 1858 adhibendum
565 1815 634 1858 esse
647 1793 877 1878 compendium,
892 1801 984 1878 atque
998 1795 1114 1877 dixisti,
1125 1796 1165 1860 Et
1176 1799 1280 1862 omnia

81 1923 85 1932 ·
118 1899 244 1961 omnino
262 1897 375 1980 quibus
392 1899 552 1960 averitate
565 1897 765 1962 dissentiunt.
788 1896 908 1961 Deinde
916 1897 1076 1980 addidisti,
1090 1900 1175 1975 Quae
1184 1901 1280 1964 etiam

118 1999 308 2085 baptismum
322 1999 469 2081 habeant,
485 2019 601 2084 quaeve
616 2019 680 2064 non
695 1999 841 2080 habeant,
857 2007 888 2062 et
902 2007 974 2086 post
985 2022 1061 2084 quas
1073 2001 1211 2087 baptizet
1222 2023 1280 2074 neo

117 2109 220 2168 tamur
237 2102 568 2187 rebaptizct‘ecolasia,
584 2102 716 2186 qualiter
731 2104 883 2186 suscipiat
894 2105 1067 2186 venientes,
1083 2103 1202 2188 etquid
1214 2107 1279 2170 sin·

119 2205 196 2288 gulis
212 2204 296 2288 lege,
312 2207 495 2269 auctoritate
511 2211 603 2290 atque
618 2208 737 2269 ratione
753 2205 949 2290 respondeat.
988 2207 1073 2272 Haec
1088 2210 1194 2273 omnia
1209 2229 1281 2273 cum

119 2311 240 2392 quaeris
255 2313 291 2371 nt
306 2313 502 2394 exponantur
517 2329 535 2371 a
549 2328 610 2390 me,
625 2310 721 2371 miror
736 2307 930 2372 luculentum
944 2311 1105 2392 ingenium
1126 2317 1215 2376 tuum
1234 2319 1281 2378 tot

118 2417 337 2494 mutarumque
353 2431 457 2474 rerum
472 2417 504 2474 et
519 2413 605 2474 sitire
626 2413 804 2492 veritatem,
825 2417 857 2474 et
877 2405 1037 2476 fastidium
1057 2415 1120 2478 iem
1139 2414 1279 2480 timendo

118 2535 245 2599 poscere
262 2515 457 2578 brevitatem
495 2513 556 2577 Sed
577 2513 686 2577 vidisti
708 2516 802 2576 etiarn
823 2517 890 2598 ipse
907 2515 981 2598 quid
997 2516 1138 2581 hocloco
1154 2537 1280 2604 possem

29 2623 33 2631 “
118 2623 187 2682 tuae
202 2617 296 2682 huius
312 2616 461 2702 epistolae
478 2619 628 2699 cogitare,
648 2623 679 2680 et
694 2619 783 2700 quasi
803 2616 969 2698 vigilanter
983 2622 1146 2683 occurristi
1162 2623 1278 2703 cogita-

119 2723 196 2786 tioni
211 2740 316 2801 meae,
337 2720 460 2800 dicens,
478 2719 543 2784 Nec
565 2740 615 2784 me
635 2726 740 2782 tantae
761 2719 920 2784 beatitudo
942 2731 996 2784 tua
1011 2721 1118 2786 credat
1132 2723 1279 2809 ineptiae,

118 2830 228 2888 utnon
245 2825 412 2908 inspiciam
427 2824 551 2906 quantis
567 2828 600 2886 et
614 2843 707 2906 quam
721 2822 903 2904 ingentibus
913 2822 1125 2889 voluminibus
1137 2847 1215 2910 opus
1227 2828 1279 2908 sit,

118 2933 152 2990 ut
164 2928 289 3010 possint
303 2927 365 2989 ista
379 2925 517 2990 dissolvi.
545 2925 662 2990 Verum
676 2925 733 2990 hoc
750 2946 805 3008 ego
821 2926 887 2990 fieri
902 2947 966 2991 non
982 2933 1111 3012 expecto
1117 2951 1126 3007 ;
1147 2928 1181 2992 id
1196 2931 1280 2992 enim

118 3028 332 3114 multipliciter
346 3031 463 3092 factum
478 3049 547 3100 essa
562 3049 625 3093 non
641 3025 759 3093 dubito.
781 3028 821 3092 Et
835 3035 985 3112 tanquam
1000 3031 1166 3096 consilium
1181 3032 1279 3096 subii·

120 3133 214 3213 ciens,
230 3151 291 3214 quo
306 3131 397 3196 modo
413 3133 513 3216 possit
527 3137 559 3194 et
573 3133 690 3194 servari
706 3132 843 3196 brevitas
859 3138 891 3194 et
904 3135 1019 3212 veritas
1034 3134 1146 3219 pandi,
1168 3135 1279 3198 adiun-

118 3237 162 3317 gis
182 3255 221 3298 ea
241 3233 337 3298 verba
357 3255 434 3318 quae
454 3233 547 3318 paulo
569 3241 640 3310 ante
661 3237 724 3298 iam
744 3237 850 3318 posui,
872 3241 903 3298 et
930 3235 1024 3319 dicis,
1050 3236 1114 3302 Sed
1134 3237 1280 3320 breviter,

119 3340 282 3422 perstricte
298 3320 390 3421 etque
406 3339 587 3402 summatim
602 3339 766 3422 opiniones
778 3357 851 3420 rogo
867 3338 1034 3404 cuiuslibet
1043 3340 1182 3405 haeresis
1194 3343 1280 3425 poni,

119 3440 237 3526 etquid
254 3445 362 3504 contra
374 3446 483 3503 teneat
496 3438 628 3504 ecclesia
643 3439 805 3521 catholice,
821 3447 972 3524 quantum
986 3444 1187 3507 instructioni
1202 3446 1279 3508 satie

120 3551 166 3608 est
181 3543 284 3608 subdi.
321 3542 399 3608 Ecce
414 3545 528 3608 iterum
542 3544 642 3606 mittis
657 3545 691 3606 in
706 3543 842 3625 longum,
858 3563 921 3608 non
937 3547 1011 3628 quie
1026 3545 1087 3610 dici
1101 3547 1278 3612 istabrevi·
1343 3584 1349 3596 ·

118 3653 164 3711 ter
179 3649 246 3711 sivo
261 3667 325 3710 non
340 3645 446 3710 valent
461 3648 526 3710 sive
542 3667 605 3709 non
621 3643 753 3727 debent,
775 3645 831 3710 sed
851 3648 924 3729 quie
945 3653 1009 3710 tam
1023 3631 1123 3712 multe
1137 3655 1225 3731 sunt,
1245 3655 1281 3712 nt

119 3749 291 3834 quamlibet
304 3749 440 3812 breviter
455 3748 588 3812 dicenda
601 3747 716 3812 multas
732 3748 851 3812 litteras
872 3748 1027 3831 flagitent:
1047 3757 1082 3814 tn
1104 3757 1225 3835 autem,
1244 3757 1281 3815 nt
1352 3788 1357 3797 ·

117 3853 203 3918 uelut
218 3851 370 3936 quodam,
384 3852 504 3934 inquis,
520 3871 558 3914 ex
574 3851 718 3915 omnibus
734 3857 884 3936 concepto
901 3855 1151 3936 commonitorio,
1167 3857 1279 3938 siquis
1302 3853 1303 3856 ’

118 3955 255 4039 aliquam
271 3953 478 4018 abiectionem
492 3961 545 4017 eut
561 3956 790 4018 convictionem
807 3955 948 4035 uberius,
965 3955 1088 4039 plenius
1102 3977 1139 4020 ao
1154 3955 1279 4042 planius

119 4079 211 4124 nosse
227 4055 374 4139 voluerit,
396 4056 435 4120 ad
456 4055 603 4141 opulenta
623 4062 655 4119 ct
673 4057 840 4138 magnilica
860 4056 1019 4122 volumina
1038 4061 1279 4144 transmittetur,

119 4161 231 4246 quibus
247 4181 266 4223 a
281 4159 428 4240 diversis,
449 4163 480 4222 et
494 4161 675 4244 praecipue,
696 4161 817 4241 inquiet,
837 4180 856 4222 a
875 4161 1075 4224 veneratione
1096 4168 1153 4226 tua
1170 4165 1205 4228 in'
1219 4164 1277 4228 hoc
1314 4213 1317 4224 .

119 4267 221 4350 ipsum
236 4269 359 4328 constet
374 4283 442 4326 esee
458 4261 661 4326 eleboratum.
685 4262 769 4337 Quae
785 4279 856 4324 cum
869 4261 960 4342 diois,
976 4283 1073 4328 unum
1089 4263 1179 4350 quasi
1191 4287 1276 4332 com·

117 4368 318 4432 monitorium
340 4365 378 4430 de
400 4365 449 4429 his
473 4365 617 4430 omnibus
640 4369 671 4427 te
695 4363 870 4428 desiderare
894 4365 1060 4446 significas.
1098 4369 1183 4434 Audi
1205 4389 1276 4454 erpo

118 4469 199 4536 unde
215 4471 442 4534 commonearis
457 4467 534 4553 quid
548 4473 646 4554 petas.
670 4466 840 4552 Opiniones
857 4469 996 4534 omnium
1010 4469 1277 4558 philosophorum,

119 4576 171 4656 qui
186 4578 290 4636 sectas
305 4573 406 4636 varias
422 4571 643 4654 condiderunt,
662 4591 761 4656 usque
777 4569 816 4635 ed
832 4577 973 4658 tempora
987 4593 1045 4639 sua
1059 4572 1176 4662 (neque
1192 4579 1277 4642 enirn

989 4703 997 4718 ·
1045 4674 1076 4728 13
1176 4675 1178 4679 ’
