3100 4980
448 295 933 340 nsscmasmarrcrsnoeaarruus.
1208 297 1269 364 349

104 453 157 514 sui
172 451 395 518 eucharistiam
408 456 577 539 percipere.
611 453 674 518 Sed
689 459 721 517 et
735 458 857 518 secreta
870 452 1082 518 satisfactione
1094 452 1174 518 solvi
1187 471 1271 520 mor·

102 553 183 618 talia
199 556 331 618 crimina
345 575 409 620 non
423 577 589 639 negamus,
607 555 683 620 6scd
701 561 820 620 moola
840 558 927 640 prius
947 555 1080 620 seculari
1095 555 1219 638 habitu,
1241 561 1272 620 et

105 657 253 722 confesso
275 657 434 741 religionis
457 659 560 724 studio
582 680 637 744 per
652 661 734 723 vitae
750 661 992 740 correctionem,
1013 663 1044 722 et
1058 660 1138 740 iugi,
1157 658 1271 724 ⁷immo

103 765 259 844 perpetuo
273 760 361 826 luctu
375 763 544 826 miserante
560 761 650 842 ⁸de03
670 763 716 826 ita
731 762 907 844 dumtaxat,
926 765 961 826 ut
976 763 1131 826 contraria
1145 782 1200 846 pro
1214 759 1271 826 ⁹iis

104 883 187 946 qnae
202 866 342 948 paenitet
356 871 437 947 agat,
453 870 485 926 et
499 863 721 928 eucharistiam
736 865 881 930 omnibus
894 865 1058 930 dominicis
1071 863 1181 930 diebus
1196 885 1270 949 sup·

102 963 180 1055 pler
196 971 230 1028 et
244 965 418 1030 submissus
433 987 532 1050 usque
547 965 588 1031 od
601 973 736 1030 mortem
750 969 912 1052 percipiat.

169 1067 369 1132 Paenitentia
383 1089 457 1132 vera
472 1075 521 1133 est
534 1069 725 1154 paenitenda
738 1089 801 1134 non
824 1069 989 1134 admittere
1009 1075 1040 1132 et
1060 1069 1198 1134 admissa
1217 1069 1270 1134 de·
1288 1093 1337 1142 can
1352 1091 1426 1132 xxiv.

103 1169 192 1234 llere.
231 1169 410 1234 Satislaotio
430 1173 643 1256 paenitentiae
663 1179 728 1254 est,
749 1193 858 1236 causas
878 1177 1080 1258 peccatorum
1101 1171 1271 1254 ¹encidere‚
1288 1145 1347 1197 (ΟΨ
1360 1143 1424 1193 ω’)

103 1293 166 1337 nec
183 1292 290 1336 earum
305 1275 556 1357 suggestionibus
571 1273 691 1340 aditum
706 1274 876 1358 indulgere.

171 1375 209 1439 In
230 1375 344 1440 divinis
365 1377 679 1462 ¹repromisaionibus
697 1377 777 1442 nihil
797 1384 957 1442 terrenum
981 1377 1032 1442 vel
1059 1380 1271 1444 transitorium
1288 1400 1338 1451 cea.
1352 1399 1416 1442 axv.

103 1483 326 1564 expectemus,
351 1483 433 1544 sicot
457 1479 636 1544 ²Meleliani
660 1487 804 1566 sperant,
829 1502 893 1546 non
919 1483 1099 1566 nuptiarum
1120 1481 1271 1566 copulam,
1288 1453 1347 1506 (⁰¹⁹⁸
1361 1451 1414 1503 Μ’)

105 1584 192 1646 sicut
208 1581 374 1646 Corinthus
387 1589 419 1646 et
429 1583 567 1647 Marcion
582 1583 745 1664 ³delirant,
756 1605 820 1648 non
836 1583 918 1668 quod
929 1582 970 1647 ad
982 1583 1086 1648 cibum
1099 1583 1150 1648 vel
1164 1584 1203 1648 ad
1214 1605 1270 1670 po·

103 1691 176 1749 tum
190 1687 339 1770 pertinet,
362 1688 444 1750 siout
457 1685 573 1770 ⁴Papia
588 1693 714 1752 auctore
728 1687 876 1750 Irenaeus
896 1691 928 1750 et
943 1685 1151 1750 Tertullianus
1167 1693 1198 1750 et
1211 1687 1270 1752 Le·-

105 1791 248 1852 ctantins
263 1790 477 1872 acquiescunt.
500 1787 608 1871 Neque
623 1789 697 1872 ⁵per
712 1789 797 1853 mille
812 1809 913 1853 annos
928 1795 1000 1873 post
1013 1791 1271 1854 resurrectionem

104 1911 240 1974 regnum
255 1891 371 1956 Christi
385 1893 418 1955 in
433 1897 517 1954 terra
530 1892 670 1956 futurum
685 1898 717 1955 et
731 1897 856 1956 sanctos
872 1912 943 1956 cum
963 1891 1015 1957 illo
1033 1893 1066 1956 in
1083 1891 1202 1956 deliciis
1222 1911 1270 1954 re-

105 2000 257 2078 gnaturos
273 2015 449 2078 speramus,
465 1994 547 2058 sicut
560 1993 664 2080 Nepos
680 1994 786 2058 docuit
800 1993 812 2032 ⁶
817 1995 951 2078 primam
965 1997 1118 2061 iustorum
1131 2014 1270 2058 resurre-

106 2099 247 2161 ctionem
263 2103 295 2160 et
309 2098 479 2162 secundam
494 2095 689 2182 'impiorum
712 2103 744 2160 et
758 2099 840 2160 inter
853 2097 910 2161 has
926 2097 1002 2162 duas
1016 2103 1207 2162 mortuorum
1221 2117 1270 2162 re·

107 2201 321 2264 surrectiones
336 2207 444 2282 gentes
460 2201 638 2282 ignorantes
654 2199 747 2264 deum
762 2201 795 2263 in
818 2198 939 2282 angulis
954 2207 1111 2266 terrarum
1125 2202 1161 2264 in'
1180 2219 1271 2264 carne

106 2303 345 2384 macerandae,
361 2323 439 2386 quae
454 2309 526 2388 post
540 2301 625 2366 mille
648 2323 747 2368 annos
763 2305 850 2384 regni
865 2303 898 2366 in
912 2308 995 2368 terra
1010 2306 1161 2368 iustorum
1180 2305 1271 2367 insti·

106 2411 204 2489 ganta
220 2404 343 2470 diabolo
359 2405 531 2470 movendae
546 2405 629 2468 ⁹sint
639 2405 679 2470 ad
691 2425 827 2490 pugnam
839 2411 946 2470 eontm
957 2409 1056 2472 iustos
1069 2407 1272 2491 ¹⁰regnantes,

107 2516 142 2571 et
158 2507 285 2572 domino
300 2529 355 2592 pro
371 2509 462 2572 iustis
476 2513 635 2592 pugnante
646 2508 746 2572 imbre
758 2511 848 2592 igneo
861 2509 1111 2594 compescendas,
1126 2517 1218 2594 atque
1229 2512 1274 2574 ita
1346 2589 1350 2606 .

106 2616 251 2677 mortuas
272 2631 344 2674 cum
367 2613 477 2674 ceteris
501 2613 535 2674 in
549 2611 710 2696 impietate
731 2611 754 2650 ¹¹
762 2617 835 2675 ante
855 2615 986 2676 mortuis
1002 2613 1042 2678 ad
1056 2618 1184 2678 aeterna
1198 2633 1271 2698 sop-

106 2713 208 2802 plicia
221 2714 255 2776 in
269 2713 498 2800 incorruptibili
513 2733 605 2777 carne
621 2711 895 2778 ”resuscitandas

176 2815 305 2880 Nullum
320 2816 475 2881 credimus
491 2815 531 2881 ad
547 2815 679 2880 salutem
694 2817 756 2880 nisi
772 2816 828 2880 deo
843 2818 997 2882 invitante
1015 2819 1132 2900 venire,
1151 2815 1272 2882 nullum
1289 2839 1340 2890 cap.
1352 2839 1428 2880 xxvi.

105 2921 279 2986 invitatum
299 2919 432 2986 salutem
451 2941 541 2986 suam
559 2921 621 2985 nisi
642 2919 699 2984 deo
721 2919 890 2986 auxiliante
911 2921 1046 3005 operari,
1071 2919 1192 2986 nullum
1211 2921 1274 2985 nisi
1290 2891 1350 2944 ‘⁰¹⁹'
1363 2891 1427 2942 m)

107 3028 253 3087 orantem
262 3021 412 3088 auxilium
423 3024 606 3106 promereri,
620 3022 741 3086 nullum
757 3021 809 3087 dei
823 3022 980 3088 voluntate
992 3025 1103 3110 parire,
1118 3023 1175 3088 sed
1186 3023 1196 3062 ¹
1201 3044 1273 3109 per·

105 3127 222 3206 missu,
235 3145 291 3209 pro
306 3124 457 3190 electione
472 3125 603 3207 arbitrii,
616 3145 656 3188 ne
668 3123 1031 3212 ²ingenuitospotestatis
1048 3126 1145 3192 semel
1157 3126 1274 3192 homini

109 3227 266 3292 attributa
279 3225 320 3291 ad
335 3227 480 3292 servilem
497 3233 624 3312 cogatur
638 3231 866 3296 necessitatem.

175 3329 292 3394 Malum
307 3328 358 3394 vel
373 3330 543 3394 ¹malitiam
563 3352 625 3396 non
641 3351 710 3396 esse
726 3353 745 3395 a
758 3332 815 3396 deo
831 3337 966 3396 creatam
981 3331 1037 3396 sed
1052 3354 1071 3396 a
1086 3331 1209 3396 diabolo
1224 3333 1273 3394 in·
1292 3353 1341 3403 cap.
1354 3351 1441 3393 axau.

108 3438 250 3516 ventam,
267 3431 320 3516 qui
334 3437 368 3495 et
381 3433 449 3518 ipse
465 3433 566 3498 bonus
582 3455 601 3497 a
616 3433 672 3499 deo
689 3441 810 3498 creatus
827 3441 882 3500 est.
913 3433 975 3499 Sed
991 3437 1064 3518 quia
1076 3433 1174 3498 libero
1190 3433 1273 3500 arbi·
1293 3405 1355 3492 (ΟΨ.
1365 3403 1439 3454 Μ’)

181 3627 205 3679 6.
221 3627 319 3680 scilieet
332 3629 386 3682 cod.
399 3627 513 3682 Floreat.
566 3627 590 3680 7.
608 3629 703 3681 ieiunio
722 3629 776 3682 cod.
793 3629 907 3682 Floreat.
958 3625 982 3682 8.
1000 3627 1047 3682 deo
1062 3628 1166 3682 renim
1186 3644 1275 3682 conae

108 3701 221 3767 quatur,
237 3696 275 3748 ita
292 3698 374 3748 edidit
383 3695 551 3748 Elmealrcrat.
565 3699 595 3749 dc
607 3701 759 3750 oacmdtote
777 3700 832 3750 cod.
844 3697 955 3752 Floreat.
1007 3699 1031 3752 9.
1043 3698 1075 3751 iia
1088 3700 1143 3753 eod.
1155 3697 1276 3761 Floreat,

109 3775 137 3817 et
148 3767 208 3818 edit.
224 3763 317 3816 Beaed.
330 3763 370 3818 his
382 3767 436 3816 edit
445 3763 560 3819 Elaealr.

184 3831 246 3902 Gap.
258 3832 357 3886 XXIV.
369 3863 402 3872 -
422 3833 443 3886 l.
457 3833 561 3886 eradere
574 3837 629 3888 eod.
641 3835 755 3888 Floreat.

182 3899 244 3970 Cap.
256 3899 342 3954 XXV.
353 3929 387 3941 -—
412 3902 432 3955 1.
445 3903 661 3972 promissionibus
674 3906 733 3958 edit.
746 3903 860 3956 Elaeale.
913 3903 936 3956 2.
953 3903 1072 3957 Melitsni
1089 3905 1147 3958 edit.
1161 3903 1275 3958 Elaeal.

108 3971 135 4024 3.
155 3969 316 4022 delectantur
335 3970 429 4022 babeat
444 3972 505 4022 lidra'
520 3989 577 4026 maa.
596 3980 659 4026 teatt.
678 3971 859 4026 Benedictiais.
911 3973 935 4024 4.
955 3973 993 4041 Os.
1005 3972 1111 4026 Hieron.
1129 3975 1160 4024 de
1170 3971 1275 4042 scapo.

108 4039 215 4091 Euclea.
228 4056 286 4108 cap.
300 4037 341 4090 18.
353 4069 385 4078 -
399 4039 459 4091 Ccd.
474 4039 585 4092 Floreat.
599 4059 649 4110 pro
661 4040 741 4110 Papio
753 4041 829 4092 labet
838 4041 873 4094 Pa
893 4041 939 4094 iaa.
963 4042 1052 4104 „Alit”
1067 4037 1162 4110 Papiae
1174 4059 1217 4110 op.
1229 4041 1275 4092 El·

108 4105 194 4161 aaeal.
247 4106 271 4159 5.
283 4113 343 4176 post
353 4111 412 4160 edit.
425 4107 540 4162 Elaeat.
584 4107 607 4160 6.
620 4109 857 4178 qaiprimameda't.
885 4109 985 4161 laneat.
1028 4107 1275 4178 limpiorumcon-

108 4175 198 4229 finxit.
227 4174 259 4227 itt
276 4177 334 4229 edit.
352 4175 467 4231 Elmealr.
519 4175 543 4228 8.
560 4177 700 4229 servandas
717 4179 776 4230 edit.
792 4177 906 4229 Elmealr.
963 4179 988 4231 9.
1007 4183 1069 4230 aunt
1085 4180 1145 4230 edit.
1160 4177 1218 4230 Era
1268 4215 1275 4230 .

112 4244 154 4297 10.
166 4251 342 4313 repugnantes
355 4247 410 4297 cod.
423 4243 535 4298 Floreat.
591 4245 629 4297 ll.
642 4251 702 4296 ante
713 4264 759 4297 om.
773 4249 827 4299 cod.
840 4245 953 4300 Floreat.
1002 4245 1040 4298 12.
1053 4246 1138 4299 Addit
1148 4248 1203 4302 cod.
1216 4245 1275 4300 Flo·

108 4321 177 4364 reat.
190 4317 216 4363 et
226 4311 304 4363 bum
316 4313 525 4382 superstitionem
536 4313 611 4365 valde
623 4313 775 4365 devitamus.

184 4379 246 4450 Gap.
258 4379 355 4435 XXVI.
368 4409 401 4419 —
415 4382 436 4433 1.
446 4397 492 4452 per
503 4399 531 4434 se
544 4381 631 4452 ipsum
643 4384 701 4434 edit.
714 4381 829 4434 Elaeal.
864 4381 888 4435 2.
900 4382 1070 4452 ingenuitatis
1078 4383 1185 4437 libertas
1197 4388 1275 4456 atqua

108 4453 229 4522 potestas
242 4451 301 4502 edit.
315 4447 430 4504 Elaeal.

126 4593 138 4640 t
166 4515 368 4638 dipapk‘XXXll.
381 4545 413 4556 -
433 4518 454 4572 l.
467 4517 567 4572 malitia
577 4535 631 4574 non
643 4524 683 4575 est
694 4536 710 4573 a
722 4518 769 4572 deo
781 4524 875 4586 creata
888 4521 933 4574 aad
945 4537 961 4574 a
972 4521 1075 4576 diabolo
1087 4523 1201 4587 meante,
1214 4523 1275 4592 quia

109 4605 124 4640 e
150 4604 165 4639 e
184 4605 212 4640 ι.
262 4603 314 4637 aea
335 4627 340 4638 .
1264 4603 1266 4612 ’
