3112 4986
279 319 339 386 155
781 321 931 364 rnruaarnr

276 483 458 543 nasceretur
467 475 541 543 vm
551 477 616 544 Gal.
629 477 693 544 lan.
706 485 738 542 et
748 484 913 564 appareret
923 477 975 542 Vl.
997 478 1153 564 Apparuit
1162 481 1263 562 magis
1272 483 1347 564 poet
1357 476 1448 544 duo·

277 581 378 645 decim
394 581 460 644 dies
476 584 508 644 in
525 580 649 666 templo.
677 580 723 646 Ne
739 601 810 664 ergo
824 579 936 646 umbra
951 580 1033 664 qnod
1047 601 1155 646 verum
1171 588 1238 645 erat
1251 579 1448 666 lpaterctur,

277 689 308 747 ct
323 687 367 748 sic
383 707 402 748 a
416 686 515 767 magis
530 685 720 766 adoraretur,
735 705 791 770 pcr
806 684 949 748 ordinem
964 687 1080 769 quippe
1097 705 1152 769 pro
1167 691 1275 750 nostra
1290 683 1394 748 salute
1412 691 1449 747 ct

277 789 371 850 annui
388 787 454 850 dias
470 787 648 851 festivitatis
664 789 795 851 maiores
811 789 863 850 isti
879 789 989 850 statuti
1003 793 1078 850 sunt
1093 793 1236 871 quatuor,
1250 789 1392 871 primum
1409 789 1448 850 iu

276 911 335 974 quo
351 897 443 954 natus
459 899 518 972 ost,
533 889 645 954 deinde
660 892 692 953 in
709 911 768 974 quo
784 891 943 974 apparuit,
958 889 991 954 id
1006 896 1055 952 est
1068 889 1127 954 XII
1142 889 1208 954 dies
1223 895 1310 974 post,
1325 891 1359 953 in
1376 909 1446 973 quo

274 1014 386 1080 passus
402 999 460 1075 eat,
475 995 508 1056 in
523 993 697 1077 pascham
713 993 774 1056 line
788 1013 861 1057 vero
876 995 910 1056 in
926 1013 985 1076 quo
1002 991 1144 1056 ascendit
1156 994 1192 1056 in
1207 992 1339 1072 caelum,
1355 993 1448 1055 circa

274 1101 477 1182 pentecosten
498 1097 654 1159 vincentis
678 1101 726 1159 eet
747 1097 861 1180 quippe
885 1097 1120 1159 consummatio.
1165 1095 1223 1172 Qui
1243 1114 1315 1177 ergo
1338 1113 1446 1158 unum

274 1197 413 1281 ³ignorat
428 1222 467 1262 ac
481 1200 717 1283 praetermittit,
736 1204 841 1282 potest
860 1203 892 1260 et
907 1197 945 1262 de
961 1197 1031 1260 aliis
1047 1195 1187 1260 diebusl.
1223 1196 1357 1260 Dubitas
1373 1215 1445 1260 nou

274 1301 395 1366 habens
410 1300 638 1386 plenitudinem
651 1303 808 1381 veritatis,
828 1299 911 1384 quod
932 1300 1108 1364 secundum
1127 1299 1286 1384 ⁴tempora
1304 1305 1446 1382 quatuor

275 1407 424 1486 cuiusque
444 1405 519 1467 anni
538 1406 583 1466 ita
603 1403 692 1467 nobis
714 1403 837 1466 diversa
856 1403 969 1485 gaudia
984 1425 1003 1465 a
1019 1402 1142 1466 Christo
1157 1401 1283 1466 domino
1299 1399 1443 1486 pullula-

274 1511 363 1586 runt,
384 1505 416 1569 id
436 1512 485 1570 est
501 1509 533 1569 in
549 1527 608 1590 quo
624 1513 716 1570 natus
734 1512 796 1586 cst,
816 1512 888 1590 post
902 1507 934 1569 in
950 1525 1011 1589 quo
1027 1507 1187 1590 apparuit,
1207 1506 1300 1568 tertio
1320 1505 1354 1566 in
1375 1523 1444 1588 quo

274 1629 385 1694 passus
402 1615 450 1671 cst
464 1615 496 1672 et
509 1611 679 1672 resurrexit
693 1614 724 1671 ct
738 1610 824 1672 risus
841 1613 899 1689 est
914 1613 1024 1692 quartu
1039 1610 1073 1671 in
1085 1628 1145 1691 quo
1157 1606 1300 1670 ascendit
1314 1607 1346 1669 in
1363 1627 1442 1670 cac·

274 1711 355 1789 lum;
372 1711 494 1775 ethaeo
509 1731 696 1796 perannum
712 1713 779 1774 sine
795 1711 1027 1774 intermissione
1043 1709 1236 1774 celebremus
1248 1707 1443 1794 gencralitcr

275 1813 466 1896 exultantes,
485 1819 578 1898 atque
593 1813 669 1877 hacc
684 1815 806 1895 integra
826 1812 1037 1896 inviolataque
1059 1812 1271 1878 custodientes
1293 1811 1441 1876 detinea-

273 1938 353 1982 mus.
378 1915 510 1995 Quidam
525 1922 629 1980 autem
644 1915 727 1980 diem
738 1915 982 2002 Epiphaniorum
994 1915 1153 2000 baptismi,
1167 1915 1220 1979 alii
1232 1915 1442 1982 mausiorma-

274 2023 369 2085 tionis
384 2022 417 2084 in
431 2024 538 2084 monte
553 2039 632 2103 quae
647 2019 730 2082 iacta
745 2027 877 2082 estesse
893 2022 1069 2104 opinantur.

120 2133 171 2176 ὢν·
185 2133 257 2172 cm·
336 2121 401 2187 Alii
416 2121 651 2186 sunt'haeretici
668 2123 721 2206 qui
736 2120 812 2204 legis
828 2127 995 2206 praecepta
1015 2141 1093 2204 quae
1113 2119 1332 2206 per1M0yscn
1352 2119 1443 2185 diota

56 2199 257 2316 (Quum
274 2231 348 2290 sunt
363 2227 395 2288 in
410 2225 548 2288 Levitico
563 2225 686 2289 ludaeis
702 2224 868 2317 carnaliter
888 2231 1054 2308 nostroque
1075 2227 1108 2289 in
1128 2231 1268 2309 tempore
1284 2221 1440 2308 spiritali·

273 2333 321 2392 ter
336 2325 490 2390 revelata·
505 2334 579 2390 sunt
593 2329 770 2410 ignorantes
786 2343 941 2391 summam
952 2345 1055 2390 rerum
1070 2327 1308 2390 festivitatemhc
1323 2345 1440 2390 nume·

273 2449 404 2513 rumque
420 2451 526 2494 carum
541 2429 683 2494 caelestis
698 2429 866 2492 utilitatis‘l
880 2435 1090 2515 praetereunt,
1104 2432 1282 2494 nescientes
1295 2426 1371 2512 quid
1383 2449 1439 2490 cc·

272 2533 406 2616 bebrant,
418 2537 564 2618 prrtautcs
577 2532 658 2616 quod
671 2531 708 2596 dc
722 2532 860 2596 sabbatis
873 2532 973 2598 solum
985 2539 1016 2594 et
1027 2531 1144 2617 pascha
1155 2539 1187 2594 ct
1198 2532 1316 2614 azymis
1328 2527 1439 2615 ²llloy·

273 2657 324 2700 ses
339 2637 548 2728 praeceperit,
564 2641 595 2699 et
609 2653 672 2700 uon
687 2635 725 2700 de
741 2642 810 2700 octo
825 2634 1069 2700 festivitatibus
1084 2655 1161 2720 quas
1177 2633 1312 2698 ecelesia
1325 2633 1438 2699 catho-

341 2873 506 2942 2.pareretnr
514 2875 550 2930 A.
601 2873 626 2928 3.
639 2873 743 2942 ignorat
753 2872 942 2944 praetermittit.
959 2871 1048 2926 Potest
1059 2871 1094 2926 A.
1144 2871 1299 2942 timpora
1311 2870 1346 2926 Δ.
1392 2899 1400 2915 ι

341 2957 403 3027 Gap.
416 2957 505 3012 CXLI.
522 2962 548 3011 in
561 2957 616 3012 abc.
633 2963 716 3010 iascrr'
734 2969 783 3010 ram
799 2959 875 3012 babet
885 2957 925 3012 Da
938 2973 1063 3012 uasrrrco
1073 2973 1134 3012 uosr
1148 2957 1235 3026 (noers
1248 2957 1283 3026 t.)
1296 2971 1391 3010 araca.
1405 2987 1440 2997 -

276 3027 298 3082 l.
310 3025 402 3080 Mosen
414 3027 522 3096 (Alaba.
573 3026 598 3080 2.
608 3027 697 3080 Moses
710 2979 818 3097 (Alaba.

307 3215 332 3268 b.
349 3219 436 3293 potest
448 3219 474 3296 et
484 3213 514 3296 da
525 3214 581 3267 aliis
588 3214 691 3296 dicbus]
703 3213 829 3335 Intellepe
877 3215 970 3282 litatis]
987 3213 1035 3266 Per
1047 3229 1184 3296 numerum
1194 3213 1365 3278 octonarium,
1376 3214 1440 3296 bea·

272 3283 829 3421 {tilluttitulabitur:
878 3285 1440 3422 tbiit‘ititltttitulabitur

273 3425 314 3472 rat
323 3421 513 3490 praetermittit.
528 3419 615 3472 Potest
627 3427 652 3472 et
664 3419 695 3472 de
707 3419 764 3472 aliis
776 3420 829 3472 die·
879 3425 955 3483 teres,
965 3435 1075 3490 quorum
1085 3421 1143 3472 loca
1152 3419 1289 3472 laudarunt
1297 3421 1440 3489 HugoMe-

273 3487 322 3542 bus
336 3488 454 3541 dubitas”
467 3495 514 3541 etc.
880 3489 976 3540 nardus
1000 3489 1032 3540 ad
1055 3489 1291 3541 Sacramentarium
1316 3487 1441 3558 Gregorii

308 3555 370 3626 Gap.
384 3555 471 3610 CXLI.
489 3587 522 3596 -
548 3573 570 3608 a
592 3557 740 3628 spiritaliter
757 3571 830 3609 reve·
879 3557 953 3626 nup.
965 3555 1006 3609 33.
1020 3571 1073 3626 seq.
1092 3563 1117 3608 et
1129 3556 1438 3628 GoteleriusadEpisto·

273 3625 336 3692 lata]
354 3625 619 3694 Manifestoimpleta.
655 3625 711 3690 (F.)
879 3625 932 3677 iam
944 3624 1078 3678 Barnabae
1091 3641 1112 3679 c.
1128 3624 1165 3676 15.
1178 3641 1202 3694 p.
1214 3625 1256 3676 47.
1293 3624 1351 3692 (F.)

307 3693 332 3748 b.
351 3709 479 3746 summam
491 3709 577 3745 rerum
588 3693 768 3759 testivitatem]
781 3693 827 3744 Eat
913 3709 934 3746 e.
953 3700 1012 3746 octo
1023 3693 1217 3812 festivitatibusk]
1241 3691 1279 3744 Do
1292 3698 1351 3746 octo
1364 3693 1440 3747 iestis

274 3761 319 3831 qui
338 3762 403 3832 legit
420 3764 523 3814 dianam.
550 3761 602 3813 Sed
618 3763 696 3830 longe
713 3767 828 3832 praestat
879 3778 945 3832 quae
962 3760 987 3814 b.
1005 3763 1021 3813 l.
1042 3767 1177 3814 enumerat
1218 3762 1331 3814 abricius
1353 3769 1441 3815 cetera

273 3849 365 3882 rerum.
388 3830 434 3883 llst
447 3831 515 3882 enim
530 3847 612 3880 reram
619 3833 752 3896 seatira'tca
764 3828 827 3880 dral—
878 3831 986 3882 vuluata
997 3836 1023 3882 et
1036 3831 1125 3890 obvim
1138 3829 1169 3880 de
1199 3835 1274 3882 uaria
1282 3830 1387 3884 sabbati
1397 3831 1441 3884 adi

273 3915 348 3949 aanor
365 3915 455 3952 rerum
472 3915 501 3951 ac
516 3899 584 3950 reale
601 3899 700 3964 gratiae
717 3899 828 3950 novite-
879 3899 914 3950 sie
924 3873 1036 3952 bonaria
1050 3897 1167 3968 Apostl
1199 3940 1205 3952 .
1229 3897 1269 3952 23.
1288 3899 1378 3968 ibique
1389 3899 1441 3952 Oo-

274 3968 408 4032 atamenti,
458 3967 508 4019 uod
535 3967 668 4018 festivitati
697 3967 829 4018 umbratili
878 3967 1069 4036 taleriumpag.
1082 3968 1153 4030 3⁴39„
1166 3967 1260 4034 quibus
1272 3967 1441 4020 adderalicet

273 4033 373 4087 dierum
396 4035 424 4088 in
440 3984 508 4106 lege
531 4035 647 4088 Mosaica
673 4033 828 4104 respondere
879 4035 1039 4088 Amalarium
1058 4035 1195 4087 diaconum
1213 4034 1255 4086 lll.
1274 4035 1345 4088 Eccl.
1363 4035 1438 4088 offic.

273 4101 426 4156 Philostriua
440 4105 567 4156 observat.
603 4101 658 4166 (F.)
880 4103 934 4166 Ἡ,
951 4103 1013 4155 item
1032 4119 1065 4154 ua
1085 4103 1273 4171 Hieronymum
1291 4103 1438 4156 Commeat.

308 4188 330 4223 c.
348 4187 569 4224 summamrerum
578 4170 758 4240 festivitatem]
770 4171 829 4226 Non
880 4171 912 4224 arl
926 4170 1010 4224 Galat.
1016 4120 1066 4222 lib.
1076 4171 1116 4236 ll.,
1129 4185 1184 4241 cap.
1195 4171 1219 4223 4.
1232 4172 1258 4223 in
1268 4171 1345 4224 illud:
1361 4171 1438 4236 „Dies

274 4237 363 4292 dubito
373 4239 439 4359 puin
451 4239 626 4310 reponendum
638 4241 672 4292 sit
685 4255 830 4304 „summam
879 4237 1037 4292 observatis”
1046 4245 1102 4304 etc,
1115 4255 1181 4358 pnes
1189 4239 1287 4308 profert
1295 4239 1331 4292 lo.
1341 4237 1438 4292 honio

273 4323 362 4360 reram

273 4391 320 4446 pro
336 4393 423 4428 veram
440 4375 501 4428 libri
514 4377 667 4429 vetustiores
684 4377 830 4428 obtulerant
880 4391 904 4447 p.

274 4461 366 4497 reram.
387 4441 520 4498 Genitiros
534 4443 667 4509 „caelestis
680 4443 830 4532 dignitati?
882 4439 949 4509 ,Cur
967 4452 1058 4513 quarta
1075 4449 1101 4496 et
1118 4451 1195 4497 sexta
1205 4444 1321 4496 maxima
1339 4444 1439 4496 ieiunet

274 4509 354 4579 iunge
367 4527 427 4563 curn
438 4511 528 4564 vocab.
543 4511 709 4575 ,numeram'
881 4513 988 4566 ecclesia
1004 4513 1050 4566 illa
1064 4513 1130 4566 ratio
1147 4513 1219 4566 reddi
1233 4511 1350 4576 videtur,
1367 4513 1439 4582 quod

310 4575 333 4628 d.
351 4593 540 4647 numerumque
551 4593 640 4634 earum
648 4579 768 4632 caelestia
779 4578 829 4632 uti·
880 4579 1042 4636 considerato
1053 4582 1190 4650 evaugelio
1204 4583 1263 4652 ipra
1273 4585 1366 4651 quarta
1376 4581 1438 4635 aab·

385 4308 565 4360 estivitatum.''
582 4307 829 4378 lamsuprac.129.
879 4308 906 4360 in
916 4307 1118 4431 praenotatisa
1152 4307 1233 4360 Vetus
1250 4307 1358 4361 Kalend.
1377 4307 1437 4374 §.b

934 4373 975 4428 34.
993 4376 1155 4444 Augustinus
1172 4391 1276 4444 quoque
1287 4375 1370 4456 Epist
1382 4375 1437 4428 aaa
