3112 4986
610 187 820 230 crearemus.
1224 181 1286 248 243

116 344 256 408 verbum
275 343 326 410 dei
344 365 413 410 esse
428 343 528 410 filium
541 347 682 430 accipere
697 343 822 426 nolunt,
837 346 871 408 in
889 347 1029 424 tautum,
1042 345 1079 406 ut
1092 339 1289 422 evangelium

119 451 228 512 sancti
241 447 369 514 loannis
384 449 494 514 dicant
512 450 610 532 ipsius
625 467 689 512 nun
704 467 788 528 esse;
806 467 865 510 nec
885 445 1110 530 Apocalypsim
1128 445 1289 528 accipiunt

119 551 266 616 eiusdem
279 551 415 616 Ioannis.
445 551 526 629 Quid
540 548 657 615 multa?
681 549 795 614 Omnia
808 549 972 615 nobiscum
987 549 1123 633 sapiunt,
1139 546 1288 612 ¹verbnm

120 653 176 720 dei
190 654 291 718 filium
306 654 361 719 'dei
379 657 506 740 penitus
526 656 616 738 quasi
636 651 865 738 blasphemiam
884 657 1078 717 execrantur.
1114 649 1180 716 Hos
1198 649 1288 714 Philo

120 760 291 844 episcopus
306 777 398 843 saepe
413 759 580 842 superavit.

188 859 362 925 Tricesima
375 862 477 946 prima
490 859 630 924 haeresis
644 859 905 940 Adamianornm,
925 860 979 944 qui
999 878 1038 922 ex
1052 856 1155 922 Adam
1173 875 1290 922 nomen
1308 861 1359 913 Ore
1372 862 1448 902 ¹¹¹¹·

122 969 324 1048 acceperunt,
339 965 427 1028 ouius
441 965 605 1028 imitantur
618 965 652 1027 in
667 962 812 1048 paradiso
827 961 1012 1044 nuditatem,
1027 960 1129 1045 qualis
1143 961 1202 1024 luit
1216 965 1289 1024 ente
1322 953 1323 962 ’

122 1073 298 1153 peccatum.
335 1066 426 1131 Unde
448 1073 480 1131 et
499 1068 625 1152 nuptias
644 1072 843 1148 aversantur,
863 1067 937 1150 quie
956 1085 1015 1131 neo
1029 1066 1117 1148 prius
1132 1083 1226 1147 quam
1241 1061 1289 1126 di-

122 1172 241 1236 missus
264 1175 348 1234 esset
367 1169 405 1234 de
425 1169 586 1254 paradiso,
608 1171 753 1252 cognovit
772 1188 911 1234 uxorem.
956 1167 1095 1232 Credunt
1114 1185 1186 1249 ergo
1207 1163 1291 1249 quod

121 1275 253 1358 nuptiae
268 1272 390 1336 futurae
406 1292 469 1337 non
484 1273 629 1355 luissent,
644 1273 778 1339 sinemo
793 1276 967 1356 peccasset.
1004 1269 1089 1334 Nudi
1103 1272 1206 1353 itaque
1221 1289 1289 1332 ma·

123 1397 176 1441 res
202 1377 399 1458 feminaeque
426 1377 635 1457 conveniunt,
654 1375 731 1438 nudi
751 1374 901 1440 lectiones
923 1372 1070 1455 audiunt,
1091 1372 1169 1436 nudi
1191 1377 1291 1453 orant,

122 1477 204 1544 nudi
219 1477 378 1543 celebrant
392 1484 595 1542 sacramenta.
632 1477 671 1542 Et
689 1498 729 1542 ex
748 1477 807 1542 hoc
826 1475 1008 1562 paradisum
1030 1495 1120 1544 suam
1134 1474 1291 1540 arbitran-

122 1589 178 1646 tur
192 1580 368 1646 ecclesiam.
395 1581 461 1646 Hos
476 1587 603 1646 sanctus
618 1579 781 1665 presbyter
795 1579 986 1664 Polycarpus
1001 1578 1131 1662 detaut,
1146 1578 1292 1659 obtinuit,
1398 1649 1402 1662 ‚

124 1683 309 1748 eliminavit.

190 1786 363 1852 Tricesima
392 1793 424 1850 et
454 1786 592 1864 secunda
623 1785 762 1852 haeresis
792 1785 1022 1852 Heloeseorum.
1069 1785 1135 1850 Hcs
1164 1783 1292 1868 quidam
1310 1803 1459 1856 suumn.
1523 1817 1525 1822 ·

124 1889 257 1956 1Helchi
271 1891 397 1954 nomine
413 1889 685 1976 pseudopropheta
700 1889 838 1974 decepit,
854 1910 893 1954 ex
908 1891 996 1954 cuius
1007 1907 1120 1972 genere
1132 1887 1210 1954 duas
1221 1907 1291 1952 mu·

124 1993 220 2058 lieres
234 1997 385 2076 tanquam
401 1991 475 2058 deas
490 1992 530 2056 ab
546 1995 591 2056 eis
605 1991 787 2077 perhibetur
801 1991 955 2056 adoratas.
993 1991 1104 2060 Cetera
1121 1991 1292 2056 Hebioneis

125 2095 245 2162 similia
268 2100 376 2159 tenere
401 2094 441 2160 ab
466 2094 639 2180 Epiphanio
666 2093 860 2160 adseruntur.
902 2095 970 2160 Hos
989 2095 1103 2181 Papias
1128 2094 1293 2180 presbyter

125 2197 264 2264 Achaiae
279 2197 425 2263 obtinuit.

192 2300 401 2365 Tricesimum
422 2307 454 2366 et
473 2302 601 2364 tertium
621 2299 725 2365 locum
745 2300 883 2364 haeresis
903 2305 1015 2364 tenent
1033 2299 1256 2384 Theodotisni,
1275 2322 1294 2366 a
1311 2302 1362 2355 ⁰⁸1³·
1375 2302 1474 2344 mm·

127 2402 264 2490 quodam
279 2402 456 2468 ¹Theodoto
476 2405 628 2484 instituti,
646 2403 807 2468 hominem
828 2403 1043 2468 tantummodo
1065 2404 1222 2468 Christum
1243 2401 1293 2468 dci

126 2507 229 2570 lilium
250 2505 440 2572 adserentes.
484 2505 573 2584 Quod
594 2505 709 2570 dicitur
728 2505 813 2570 idem
833 2503 1031 2571 ²The0dotua
1051 2512 1217 2592 propterea
1236 2505 1292 2572 do-

128 2611 250 2692 cuisse,
265 2611 338 2694 qnia
351 2611 385 2673 in
398 2611 615 2694 persecutione
630 2607 737 2694 lapsus
751 2611 811 2674 istc
826 2607 919 2676 modo
935 2631 968 2674 se
984 2631 1075 2674 casus
1090 2611 1140 2675 sui
1155 2609 1292 2674 devitare

127 2712 261 2798 putebat
276 2711 487 2797 opprobrium,
504 2713 531 2776 si
544 2733 608 2777 non
624 2711 717 2776 deum
728 2732 869 2794 negasse,
885 2711 941 2778 sed
951 2711 1110 2778 hominem
1124 2711 1292 2778 videretur.

127 2813 194 2880 Hcs
210 2813 346 2879 obtinuit
360 2813 474 2880 Craton
490 2815 655 2901 episcopus
671 2815 828 2899 Syrorum.

193 2917 398 2981 Tricesimum
421 2924 563 3000 quartam
588 2917 750 2982 haeresem
772 2915 1070 2983 Melchisedechiaui
1096 2921 1293 2984 invenerunt.
1312 2919 1471 2973 ΟΜΝ·

129 3019 373 3102 Melchisedech,
389 3019 584 3086 sacerdotem
600 3020 650 3088 dei
662 3021 788 3102 excelsi,
799 3041 863 3086 non
873 3020 1033 3086 hominem
1044 3021 1152 3104 fuisse,
1164 3021 1220 3088 sed
1230 3025 1294 3087 vir·

130 3128 232 3186 tutem
248 3121 299 3186 dei
313 3143 383 3187 esse
399 3123 600 3205 arbitrantur,
615 3123 704 3188 illum
718 3123 822 3188 locum
836 3131 1004 3210 sequentes
1016 3125 1148 3211 apostoli
1163 3125 1203 3190 ad
1218 3125 1293 3190 ¹He·

129 3223 241 3290 bracos
252 3245 311 3310 qno
327 3227 382 3308 ait,
397 3223 583 3312 Siuepotrc,
598 3229 664 3290 aiae
674 3237 785 3308 matre,
800 3229 866 3291 siae
875 3227 1069 3313 pcaealopa'o.
1091 3227 1148 3293 His
1160 3231 1296 3294 occurrit

130 3327 299 3412 Dionysius
313 3327 600 3412 Hierosolymorum
616 3329 797 3417 episcopus,
819 3329 927 3394 dicens
947 3329 1031 3394 hunc
1052 3336 1084 3394 et
1101 3333 1223 3416 patrem
1237 3329 1293 3394 ha·
1323 3315 1326 3326 ¹

130 3431 237 3499 buisse
258 3437 291 3494 et
309 3435 457 3512 matrem,
478 3436 510 3494 et
528 3431 587 3496 hoc
608 3431 678 3496 ideo
700 3431 815 3496 dixisse
837 3432 1029 3517 apostolum,
1048 3435 1122 3518 qnia
1136 3439 1168 3497 et
1181 3454 1293 3516 genea—
1321 3459 1324 3466 ’

128 3533 215 3616 logia
228 3535 327 3618 ipsius
343 3540 375 3597 et
388 3539 531 3598 materna
545 3537 713 3620 paternave
728 3535 875 3620 prosapia
888 3555 952 3599 non
967 3533 1133 3600 haberetur
1147 3538 1181 3600 in
1192 3555 1227 3600 ee
1244 3557 1293 3600 or·
1347 3539 1350 3547 “

130 3636 205 3701 dine
220 3636 255 3700 in
271 3655 331 3720 quo
346 3635 397 3700 len
410 3636 626 3702 Hebraeorum
645 3635 806 3722 adscripta
820 3642 884 3719 est,
904 3657 977 3703 cum
992 3637 1049 3704 dec
1064 3641 1171 3723 utique
1185 3637 1293 3724 placu-

130 3741 192 3804 erit
206 3741 365 3822 generatio
380 3739 601 3804 Hebraeorum.

195 3840 370 3910 Tricesima
384 3844 494 3927 quinta
506 3842 645 3908 haeresis
661 3847 735 3908 sunt
748 3839 982 3925 Bardesanitae,
996 3864 1016 3908 a
1030 3841 1166 3928 quodam
1174 3842 1293 3910 Bardo·
1311 3858 1363 3912 cna
1376 3857 1458 3900 mv·

182 4079 246 4150 Gap.
258 4077 348 4134 XXX.
360 4108 394 4120 -·
408 4079 430 4133 l.
447 4079 594 4149 Wrssclr'aq.
606 4079 738 4134 Probabit.
752 4098 810 4150 cop.
822 4079 864 4135 30.
872 4097 937 4150 pay.
950 4079 999 4132 266
1006 4085 1142 4151 proposuit
1156 4081 1209 4136 nisi
1224 4082 1294 4152 quod

130 4150 241 4208 verbum
253 4147 295 4200 dai
307 4153 366 4203 cett.
387 4148 462 4210 Quod
472 4153 572 4203 arriuimc
583 4167 645 4218 opus
657 4157 700 4200 est.

129 4231 373 4374 paqcllbmst
384 4263 419 4274 ·-
433 4233 455 4287 l.
468 4235 508 4304 Cs.
522 4237 553 4287 dc
565 4234 612 4288 hoc
624 4237 721 4287 notariae
733 4233 757 4287 Ι.
772 4233 804 4286 Β.
818 4233 923 4287 coteler.
935 4233 1010 4290 Eccl.
1025 4236 1071 4290 Gr.
1081 4235 1192 4294 Moeram,
1204 4246 1262 4292 tum.
1271 4237 1294 4300 1,

183 4387 248 4458 Cap.
258 4385 384 4444 XXXIII.
398 4419 431 4430 -
445 4389 467 4444 l.
479 4385 655 4444 Theodotione
663 4385 719 4444 Mu
732 4387 801 4457 Auo.
854 4387 878 4442 2.
889 4387 1051 4446 'theodotion
1061 4389 1117 4445 MS.
1129 4391 1198 4461 Aac.

183 4473 249 4543 Gap.
261 4471 386 4529 XXXIV.
399 4505 432 4515 -
445 4472 468 4529 l.
480 4473 558 4530 Hebr.
569 4471 624 4540 vn,
636 4473 661 4528 3.

1045 4561 1094 4615 lt·
