3112 4986
527 289 861 333 urmsaasransamrra
1206 253 1268 356 2¹05

171 447 371 532 ¹Origeniani
393 447 561 534 aquodam
576 447 708 534 Origene
723 447 800 513 dicti
815 453 904 529 snut,
925 455 989 512 nou
1008 445 1048 512 ab
1067 445 1121 511 illo
1137 449 1191 531 qui
1205 446 1268 511 iere
1288 457 1338 512 osa
1351 455 1417 500 ¹111!-
1480 501 1482 512 ,

108 551 257 616 omnibns
273 557 439 633 natusest,
454 551 510 618 sed
525 551 565 616 ab
580 552 640 617 alio
655 553 762 616 nescio
778 571 854 635 quo,
870 549 908 615 de
923 571 984 635 qno
998 549 1049 615 vel
1064 549 1269 615 sectatoribus

109 657 176 718 eins
192 655 386 740 Epiphanius
403 655 549 740 loquens,
571 655 765 737 Origeniani‚
779 655 897 739 inquit,
912 652 1075 718 cuiusdam
1094 650 1268 736 'Origenis

108 759 211 843 turpis
234 763 338 822 autem
360 763 435 822 sunt
456 760 643 844 operationis
663 759 731 835 isti3
754 763 828 822 sunt
849 756 1002 822 ³nefanda
1024 757 1191 838 facientes,
1213 775 1270 820 sua

109 881 242 945 corpora
256 863 445 946 corruptioni
460 859 627 926 tradentes.
665 859 753 925 Alios
773 865 877 924 autem
898 859 1102 944 Origenianos
1122 859 1269 926 continuo
1371 922 1374 932 ,

109 963 297 1029 subiiciens:

176 1066 371 1150 Origeniani,
390 1069 508 1152 inquit,
528 1067 598 1149 alii,
619 1069 672 1151 qui
692 1073 725 1130 et
737 1066 919 1132 Adamantii
939 1065 1150 1148 ‘tractatoria
1171 1066 1272 1150 quiet
1288 1073 1430 1127 cenum·

110 1177 305 1235 mortuorum
320 1173 580 1235 resurrectionem
600 1169 771 1255 repellunt,
792 1169 950 1234 Christum
972 1175 1077 1234 autem
1097 1174 1271 1234 creaturam

111 1279 146 1335 et
160 1275 304 1358 spiritum
320 1279 463 1338 sanctum
479 1271 727 1355 introducentes,
747 1273 927 1358 paradisum
946 1279 1050 1336 eutem
1071 1279 1104 1336 et
1123 1271 1225 1337 caelos
1240 1275 1272 1334 et

110 1375 174 1439 alia
194 1379 299 1442 omnia
322 1375 565 1459 allegorizantes.
603 1377 688 1440 Haec
710 1375 836 1460 quidem
856 1376 893 1440 de
915 1374 1047 1457 Origene
1069 1373 1270 1460 Epiphanius.

109 1477 193 1542 ⁵Sed
208 1481 260 1564 qui
277 1497 348 1542 eum
364 1478 546 1561 defendunt,
560 1481 653 1544 unius
665 1479 865 1562 eiusdemque
878 1479 1070 1543 substantiae
1083 1499 1151 1542 esse
1165 1477 1273 1542 dicunt

112 1581 256 1645 docuisse
272 1587 392 1666 patrem
408 1583 553 1645 etlilium
569 1587 601 1644 et
615 1583 760 1666 spiritum
775 1589 933 1664 sanctum,
953 1601 1055 1666 neque
1071 1582 1272 1646 resurrectio-

111 1704 186 1748 nem
200 1683 352 1770 repulisse
364 1690 570 1765 mortuorum3
585 1683 744 1769 ⁶quamvis
758 1691 790 1748 ct
799 1687 833 1749 in
844 1687 912 1748 istis
925 1705 995 1750 eum
1008 1687 1192 1750 convincere
1205 1689 1272 1747 stu·

113 1787 209 1850 deant
222 1791 276 1870 qui
291 1787 357 1850 eius
373 1788 463 1872 plura
477 1787 627 1870 legerunt.
651 1787 732 1852 Sunt
747 1787 853 1851 atalia
868 1788 960 1852 huius
973 1788 1115 1870 Origenis
1128 1785 1273 1870 dogmate

113 1909 193 1973 quae
209 1889 361 1954 catholica
375 1889 508 1958 ecclesia
530 1893 656 1955 omnino
677 1911 741 1955 non
756 1893 881 1975 recipit3
901 1893 934 1954 in
956 1887 1068 1974 quibus
1089 1911 1148 1955 nec
1169 1893 1273 1976 ipsum

114 1991 192 2057 ielso
206 1995 318 2076 arguit,
332 1999 510 2078 necpotest
524 1993 564 2058 ab
580 1995 646 2058 aius
662 1991 877 2058 defensoribus
893 1991 985 2075 ²falli,
1000 1996 1133 2058 maxime
1148 1994 1185 2058 de
1197 2013 1272 2078 pur-

114 2097 237 2178 gatione
260 2101 291 2158 et
312 2095 511 2177 liberatione,
532 2119 567 2161 ac
589 2117 694 2161 rursus
716 2103 788 2181 post
808 2096 935 2178 longum
956 2103 1081 2182 tempus
1103 2095 1143 2160 ad
1165 2095 1274 2160 eadem

112 2196 198 2262 mala
211 2197 403 2262 revolutione
419 2198 579 2264 rationalis
594 2201 758 2263 universae
774 2203 941 2262 creaturae.
976 2200 1051 2275 Quis
1067 2201 1151 2266 enim
1167 2198 1273 2264 catho-

114 2301 195 2365 licus
207 2301 401 2366 Christianus
413 2303 463 2366 vel
476 2302 584 2366 doctus
598 2302 649 2366 vel
664 2301 807 2366 indoctus
822 2321 885 2366 non
900 2302 1102 2366 vehementer
1113 2303 1275 2368 exhorreat

115 2425 186 2468 eam
201 2425 295 2488 qnam
312 2405 388 2470 dicit
402 2403 800 2496 purgationemnmalorum,
819 2404 852 2469 id
874 2411 922 2468 est
942 2407 1036 2469 etiam
1057 2427 1110 2471 eos
1125 2409 1178 2490 qni
1193 2405 1274 2470 hanc

115 2510 213 2572 vitam
235 2510 269 2571 in
291 2507 416 2591 flagitiis
439 2515 469 2572 et
492 2506 681 2572 facinoribus
703 2515 735 2572 et
756 2507 928 2590 sacrilegiis
948 2514 1041 2592 atqua
1061 2508 1274 2594 impietatibus

116 2609 290 2696 quamlibet
303 2611 449 2674 maximis
464 2611 626 2691 linierunt,
646 2611 751 2695 ipsum
771 2613 866 2674 etiam
880 2617 1040 2696 postremo,
1053 2611 1211 2676 diabolum
1226 2615 1273 2674 at-

117 2735 176 2798 que
192 2713 319 2796 angelos
335 2715 411 2795 eius,
427 2716 569 2798 quamvis
583 2719 655 2800 post
666 2713 847 2796 longissime
858 2719 1009 2798 tempora,
1023 2719 1170 2800 purgatos
1182 2719 1274 2797 atque

116 2817 265 2882 liberatos
281 2837 375 2899 regno
392 2817 442 2880 dei
456 2815 579 2900 lucique
594 2817 728 2898 restitui,
744 2823 776 2880 et
790 2835 897 2880 rursus
911 2826 984 2902 post
998 2817 1181 2900 longissima
1194 2822 1274 2880 tem·

116 2941 194 3006 pora
208 2941 316 2984 omnes
332 2922 385 3003 qui
400 2919 523 2984 liberati
538 2923 612 2984 sunt
627 2919 667 2984 ad
685 2920 762 2983 haec
774 2919 859 2984 mala
873 2919 974 2985 denuo
991 2920 1088 2984 relabi
1105 2926 1136 2984 et
1151 2922 1276 3002 reverti,

117 3033 150 3087 et
170 3021 228 3088 has
256 3025 343 3087 vices
366 3023 555 3086 alternantes
582 3021 811 3086 beatitudinum
838 3028 869 3086 et
893 3025 1089 3088 miseriarum
1114 3023 1275 3088 rationalis

117 3135 277 3192 creaturae
293 3145 416 3210 semper
430 3127 537 3207 fuisse,
552 3145 676 3210 semper
690 3121 774 3190 fore?
796 3125 841 3188 lle
858 3146 919 3210 qna
932 3117 1102 3190 vanissima
1115 3128 1275 3212 impietate

117 3230 269 3295 adversus
285 3227 502 3314 philosophos,
517 3249 536 3292 a
551 3228 665 3312 quibus
681 3229 743 3292 ista
757 3227 868 3293 didicit
883 3227 1047 3311 Origenes,
1067 3229 1117 3294 ⁸in
1132 3228 1221 3294 libris
1237 3227 1276 3293 de

117 3333 251 3398 Ciuitate
266 3329 326 3396 Dei
341 3329 578 3414 diligentissime
593 3329 779 3416 ⁹disputavi.
842 3386 845 3394 ,

185 3485 223 3537 Ca
243 3483 341 3536 .XLII.
353 3489 379 3536 et
390 3483 456 3554 Gap.¹
463 3482 554 3536 XLIII.
572 3515 604 3524 —
636 3485 657 3540 l.
674 3483 837 3556 Epspboniue
853 3488 878 3536 in
897 3483 1013 3534 Paroria
1033 3486 1131 3552 qnidam
1151 3483 1276 3538 haerena

118 3553 154 3605 63
165 3563 191 3606 et
202 3502 245 3606 65.
259 3561 346 3622 aperte
358 3555 492 3621 profitetur
503 3557 600 3606 noscare
611 3571 637 3606 aa
649 3574 683 3606 nn
699 3553 849 3621 origeniani
863 3557 907 3604 reti
922 3561 1007 3670 turpes
1024 3553 1056 3604 ob
1077 3553 1184 3620 Origene
1201 3555 1275 3605 Aua-

117 3627 213 3676 nrcntio
229 3623 295 3673 dicu
308 3625 370 3684 sint,
391 3639 426 3672 on
442 3623 475 3674 ab
493 3624 545 3674 alic
560 3623 675 3688 (hr'gene.
703 3623 755 3672 Sed
767 3625 883 3689 prrg‘ecro
899 3624 926 3670 r'n
976 3622 1187 3690 naeepbolueoes',
1211 3639 1275 3690 guae

117 3694 173 3743 sota
191 3695 245 3744 cirre
263 3689 379 3742 Panaric
397 3695 465 3742 venir
481 3694 507 3740 r'n
528 3707 617 3742 manue
634 3689 785 3757 Augustini,
806 3691 836 3740 de
850 3691 960 3756 enseque
979 3689 1142 3758 Origenianc'a
1158 3695 1195 3741 sic
1213 3693 1278 3742 dien

118 3761 235 3821 obscure,
253 3767 282 3809 nt
336 3763 396 3809 'orer
412 3777 460 3809 non
477 3758 509 3808 ab
530 3760 614 3810 ecdem
642 3757 749 3824 Origene
770 3757 939 3819 Adamantio,
960 3760 1006 3809 aed
1025 3759 1057 3809 ab
1078 3761 1130 3810 alr'o
1147 3762 1277 3828 prosector

119 3831 243 3882 medem.
273 3831 279 3896 t
304 3825 384 3894 enedl
434 3826 458 3878 ⁶2.
471 3825 543 3879 Edit.
555 3826 654 3880 Locren.
672 3825 791 3894 Origenis
810 3823 936 3894 discipuli.
965 3825 1018 3877 Voe
1029 3826 1148 3898 discipuli
1160 3829 1274 3880 ubertat

117 3895 223 3949 Ercem.
242 3903 266 3946 et
281 3893 363 3956 MSS,
380 3911 425 3945 nec
442 3912 490 3944 non
508 3913 525 3945 u
539 3895 639 3946 Graeco
657 3901 723 3946 tantu
734 3893 886 3964 Epaphanir'.
945 3893 1026 3958 anedl
1076 3894 1101 3950 3.
1114 3895 1275 3950 nesaudafa-

118 3965 227 4029 cientes]
252 3963 286 4014 In
296 3961 370 4014 MSS.
381 3962 563 4016 inenarrabilia
576 3963 708 4016 iacientes.
740 3964 839 4014 Graece
854 3971 891 4014 eet
923 3959 1129 4042 ῤῥητοποιοῦντες.
1165 3963 1276 4033 (Bened.)

118 4033 142 4086 4.
155 4031 233 4084 Edirr'
243 4029 289 4100 qui
300 4037 326 4082 et
336 4029 485 4084 Adamantii
495 4031 641 4083 tractatoris
651 4031 720 4082 illius
732 4035 885 4094 sectatores,
897 4046 942 4099 qur
954 4036 980 4082 et
993 4037 1153 4084 monueram
1164 4049 1277 4086 resurre-

118 4101 232 4154 ctionem
242 4103 348 4168 negant,
358 4096 612 4152 Christumantamet
620 4097 739 4166 spiritum
748 4103 1016 4152 sauctumcreeturam
1024 4097 1119 4164 dioruu,
1128 4099 1276 4170 paradisum

118 4175 206 4224 autem
225 4173 252 4219 et
269 4167 354 4220 caelos
372 4173 397 4220 et
413 4169 466 4220 alia
481 4185 534 4222 non
551 4165 659 4220 credunt
676 4183 732 4218 esse
749 4165 891 4223 seeundum
907 4167 1028 4232 litteram,
1045 4167 1089 4220 sed
1105 4169 1134 4222 in
1145 4169 1277 4238 allegoria.

125 4237 227 4291 Veteres
240 4246 322 4288 erstem
335 4235 396 4287 libri
402 4241 516 4305 pressius
527 4235 662 4288 inhaerent
673 4236 782 4288 Graeco.
811 4233 930 4303 (Benedl
980 4235 1005 4290 5.
1022 4235 1088 4288 Ante
1101 4237 1277 4290 Benedion'nos

119 4305 261 4360 habebatur
271 4305 345 4372 rulgo
355 4303 514 4374 Epiphanius
526 4305 611 4356 refert.
637 4301 688 4355 Sed
702 4301 849 4355 defensores
861 4303 916 4354 eius
931 4303 1020 4356 dieunt
1034 4303 1166 4386 Originum
1176 4312 1275 4376 patrem

120 4381 144 4428 et
155 4375 241 4428 filium
253 4379 279 4425 et
291 4373 410 4442 spiritum
426 4379 545 4426 sanctum
562 4373 639 4426 unius
658 4371 824 4440 eiusdemque
838 4371 997 4424 substantiae
1014 4373 1131 4426 dbcursse
1143 4391 1227 4444 neque
1238 4391 1277 4428 re·

120 4443 307 4497 surrectionem
321 4451 376 4494 cett.
427 4441 451 4494 6.
466 4441 520 4494 Soli
531 4443 594 4494 editi
605 4439 730 4510 repulisse
742 4444 916 4504 mortuorum,
933 4440 978 4493 sed
1007 4442 1034 4494 ui
1046 4442 1102 4494 eius
1116 4443 1191 4512 plura
1207 4444 1276 4524 lega-

119 4519 191 4578 runt,
208 4509 397 4564 contradicunt.
426 4509 494 4566 Sunt
505 4515 531 4562 et
542 4508 594 4564 alia
606 4518 661 4564 cert.
676 4507 798 4633 bBanedl
851 4507 971 4564 isich!
1007 4513 1076 4567 ‚Ar
1093 4513 1155 4564 editi
1169 4511 1202 4564 ab
1220 4527 1276 4566 erus

120 4577 441 4637 delensorilrns'excusari.
469 4577 588 4649 (aean.)
639 4575 664 4634 8.
701 4577 781 4634 eOiv.
799 4576 988 4635 usinum
1040 4581 1063 4633 e.
1082 4579 1277 4636 remeetur·
