3120 4994
288 283 351 350 340
695 279 835 322 essenon
847 281 1042 323 mammenus
1118 283 1126 295 ⁸

288 439 480 516 moriuntur3
497 443 527 501 et
542 436 612 502 ideo
628 457 686 501 neo
701 441 821 502 ratione
837 437 1014 522 ³reguntur,
1030 439 1111 502 sicut
1124 435 1213 502 Plato
1229 443 1261 501 et
1276 435 1448 502 Alexander

288 541 427 628 ⁴putont,
444 539 500 604 sed
516 541 555 604 ad
571 544 676 605 omnio
690 547 820 604 naturae
835 541 1058 606 ⁵incitamento
1074 540 1240 606 ducuntur.

129 659 179 710 cu·
193 657 270 698 ΜΠ·
352 643 468 710 Animo
483 644 620 708 humana
635 665 699 707 non
715 665 786 708 oum
802 663 895 708 cerne
910 645 1057 725 moritur,
1079 643 1169 728 ¹quie
1182 665 1248 708 non
1263 661 1335 706 cum
1351 661 1453 717 carne,

287 753 322 811 ιιι
337 749 478 832 superins
494 746 642 828 diximus,
658 749 844 829 seminatur,
865 746 922 810 sed
937 747 1069 810 formato
1085 747 1118 810 in
1133 753 1242 810 ventre
1257 747 1370 810 metris
1386 765 1453 808 cor·

286 871 361 935 pore
378 850 427 914 dei
443 849 557 914 iudicio
573 855 695 914 creatur
711 857 742 914 et
755 848 942 932 infunditur,
957 855 992 914 ut
1006 851 1092 914 vivat
1107 847 1198 914 homo
1210 851 1296 912 intus
1308 850 1342 910 in
1354 853 1455 926 utero,

287 957 319 1016 οι
334 955 378 1016 sic
393 951 543 1037 procedet
557 954 721 1016 nativitate
736 955 770 1015 in
783 953 945 1018 mundum.

150 1069 268 1120 ear-1111·
350 1054 480 1120 Duobus
496 1055 680 1120 substantiis
696 1061 820 1119 tantum
835 1061 959 1120 constet
969 1055 1070 1138 homo,
1086 1057 1233 1118 animast
1247 1053 1372 1134 ¹carne,
1387 1054 1455 1116 sni·

285 1179 339 1224 me
355 1179 426 1222 cum
440 1160 560 1222 ratione
577 1179 648 1240 sue,
672 1164 703 1221 et
717 1157 828 1222 2cerne
850 1179 921 1222 cum
943 1157 1088 1222 sensibus
1110 1156 1204 1222 3ειιιε.
1242 1159 1326 1234 Quos
1347 1161 1454 1220 tamen

193 1337 197 1345 ,
287 1281 398 1327 seusus
414 1263 531 1346 absque
547 1263 669 1326 animae
685 1263 835 1326 societate
856 1281 919 1326 non
939 1267 1044 1325 movet
1062 1260 1162 1325 *care
1198 1261 1315 1324 Anima
1335 1279 1411 1323 vero
1427 1264 1457 1322 et

288 1367 356 1429 sine
372 1363 483 1428 ⁵oarne
499 1364 666 1428 lrationale
683 1383 774 1429 suum
788 1371 884 1428 tenet.

160 1483 210 1534 cnr.
224 1483 270 1524 xx·
351 1468 421 1532 Non
437 1473 485 1531 est
499 1469 660 1538 tertiusin
681 1467 857 1532 substantie
877 1467 1013 1531 hominis
1034 1468 1177 1552 spiritus,
1200 1468 1283 1530 siout
1297 1465 1453 1548 Didymus

289 1569 459 1652 contendit,
475 1569 531 1634 sed
546 1571 676 1655 spiritus
691 1572 760 1654 ipse
775 1575 824 1634 est
838 1572 958 1650 anima,
977 1589 1033 1654 pro
1054 1568 1185 1654 spiritali
1206 1574 1318 1632 nature
1331 1568 1384 1632 vel
1400 1589 1453 1653 pro

289 1695 324 1738 eo
341 1673 423 1757 quod
445 1675 543 1758 spiret
563 1676 596 1738 in
616 1693 744 1758 corpore
760 1675 889 1758 spiritus
906 1671 1110 1757 ¹eppellotus.
1133 1673 1250 1736 Anime
1268 1691 1342 1735 vero
1366 1691 1405 1734 ex
1420 1689 1453 1733 eo

287 1783 416 1841 vocatur
441 1776 524 1860 quod
549 1775 589 1839 ad
608 1773 778 1840 vivendum
800 1775 851 1838 vel
873 1775 913 1840 ed
940 1773 1163 1838 vivificandum
1186 1777 1305 1838 animet
1330 1793 1452 1859 corpus.

287 1877 447 1944 2Τοιιίιιιιι
463 1899 535 1943 vero
551 1879 605 1962 qui
627 1879 666 1942 ab
687 1877 844 1963 ³apostolo
866 1897 937 1941 oum
960 1879 1064 1940 enims
1083 1883 1116 1940 ot
1136 1897 1263 1962 corpore
1283 1876 1452 1956 inducitur,

287 1981 452 2067 ⁴spiritum
473 1984 606 2064 gretiam
628 1981 750 2045 lsanoti
773 1983 903 2065 spiritus
926 2001 996 2044 esse
1019 1979 1247 2062 intelligemus,
1269 1999 1366 2062 quem
1388 1985 1452 2043 oret

287 2084 446 2168 apostolus
465 2089 501 2148 ut
518 2087 641 2168 integra
662 2089 842 2168 perseveret
860 2085 893 2146 iu
914 2082 1020 2166 nobis,
1040 2103 1080 2147 ne
1101 2088 1207 2147 nostro
1228 2083 1303 2146 vitio
1323 2089 1380 2146 aut
1393 2084 1450 2145 mi-

287 2194 402 2250 nuatur
416 2193 470 2250 out
484 2189 608 2270 fugetur
622 2207 641 2250 e
655 2186 757 2268 nobis,
773 2189 847 2270 quia
860 2183 1019 2271 ⁶Spiritoo
1034 2196 1161 2250 sanctes
1177 2186 1430 2271 effoqr'etfictoee

147 2306 198 2358 cap.
212 2307 269 2349 xri.
350 2289 501 2354 Liborteti
516 2290 639 2355 arbitrii
655 2292 703 2353 sui
719 2291 904 2354 commissus
921 2288 1072 2353 esthemo
1084 2290 1235 2352 statimin
1251 2287 1261 2326 ¹
1267 2290 1372 2372 prime
1383 2309 1449 2352 cou-

291 2392 425 2475 ditione,
445 2400 481 2456 nt
500 2391 584 2458 2οοιο
601 2391 764 2476 vigilantia
784 2393 900 2454 mentis
916 2391 1095 2454 ³adnitente
1115 2390 1226 2454 ⁴etiam
1243 2387 1276 2453 in
1292 2393 1449 2476 praecepti

287 2495 430 2561 custodis
444 2501 674 2581 perseveraret,
696 2497 722 2558 si
744 2493 840 2558 vellet
859 2496 893 2556 in
913 2514 948 2558 eo
970 2494 1053 2578 quod
1074 2501 1196 2558 creatus
1211 2493 1313 2558 lueret
1327 2513 1449 2578 perma-

287 2621 371 2664 nere.
393 2598 564 2682 Postquam
578 2619 650 2663 vero
667 2597 848 2661 seductione
865 2599 1020 2682 serpentis
1036 2617 1091 2682 por
1105 2597 1203 2661 Evam
1219 2597 1342 2678 cecidit,
1358 2603 1449 2660 netu·

257 2749 264 2772 ,
287 2724 339 2766 ree
355 2703 472 2767 bonum
487 2701 635 2788 perdidit,
649 2703 767 2786 pariter
782 2702 965 2782 strigorem
980 2699 1111 2782 arbitrii,
1127 2719 1189 2764 non
1204 2705 1312 2763 tamen
1324 2697 1450 2764 electio-

286 2827 374 2887 nem,
394 2825 434 2868 ne
454 2825 517 2869 non
538 2811 622 2868 esset
642 2823 733 2868 sunm
749 2803 831 2887 quod
846 2801 1046 2866 ⁵emendaret
1060 2809 1240 2888 peecatum,
1259 2821 1318 2866 noc
1339 2803 1449 2866 merito

287 2908 500 2991 indulgeretur
515 2907 598 2991 quod
612 2927 675 2971 non
691 2907 819 2970 arbitrio
835 2905 987 2969 diluisset.
1010 2904 1115 2969 Manet
1129 2907 1234 2990 itaque
1246 2905 1285 2969 ad
1298 2925 1449 2990 quaeren-

288 3011 360 3076 dam
376 3010 507 3075 salutem
528 3011 650 3074 arbitrii
671 3010 814 3092 libertas,
833 3007 866 3072 id
886 3014 935 3072 est
948 3008 1109 3072 rationalis
1124 3007 1303 3091 ⁶voluntas,
1323 3009 1380 3073 sed
1395 3009 1449 3074 ad·

354 3197 379 3249 3.
391 3201 530 3266 reguntur,
548 3212 595 3249 nee
612 3196 713 3260 vivunt,
731 3196 799 3248 siout
811 3197 870 3250 edit.
883 3195 1007 3258 Elmeud„
1019 3214 1050 3246 ex
1061 3196 1116 3249 cod.
1131 3194 1244 3250 Florerrt
1278 3195 1304 3250 4.
1317 3195 1450 3266 disputant

288 3267 343 3318 cod.
354 3265 466 3318 Floreat.
518 3265 541 3318 5.
552 3265 720 3316 incitamenta
730 3266 767 3316 ed.
777 3263 889 3315 Elonend.

355 3333 418 3404 Gap.
431 3331 525 3388 XVIII.
539 3363 572 3372 -
586 3333 607 3385 1.
621 3333 682 3402 quia
693 3349 741 3385 nec
754 3333 847 3396 cernis,
860 3343 890 3383 ut
901 3332 1018 3402 superius
1031 3331 1152 3396 diximus,
1164 3349 1253 3386 semen
1266 3337 1319 3398 est,
1337 3333 1384 3384 sed
1397 3335 1448 3386 rod.

287 3403 401 3457 Floreat.
1534 3429 1535 3438 ι

356 3470 417 3540 Cap.
430 3469 504 3524 XIX.
518 3499 551 3508 -
571 3465 595 3522 l.‘
609 3485 685 3524 cerne
705 3472 763 3524 edio.
777 3469 871 3522 Bened.
889 3479 914 3521 et
929 3471 984 3523 rod.
1003 3469 1029 3520 F
1029 3471 1116 3524 dorent,
1133 3486 1172 3542 co,
1196 3487 1240 3522 ore
1257 3473 1316 3524 edit.
1335 3469 1448 3522 Elmend.

288 3539 312 3592 2.
325 3555 402 3592 cerne
415 3541 473 3591 edil.
487 3538 581 3590 Bened.
595 3547 619 3589 ct
629 3539 684 3592 cod.
699 3537 810 3591 Floreat.
823 3553 929 3607 corpore
941 3539 1001 3592 edil.
1015 3537 1131 3591 Elmecl.
1201 3539 1282 3604 ‚suin
1294 3537 1321 3590 id
1333 3545 1375 3591 est
1386 3541 1448 3602 risu,
1534 3587 1535 3594 ,

288 3607 386 3672 auditu,
398 3613 487 3676 gustu,
500 3607 616 3671 odoratu,
627 3612 699 3659 tactu
711 3609 765 3661 cod.
778 3605 891 3661 Florem.
942 3606 967 3660 4.
979 3621 1040 3658 earo
1053 3609 1112 3661 edit.
1126 3607 1220 3660 Bened.
1233 3617 1257 3658 er
1268 3609 1323 3660 cod.
1337 3608 1447 3662 Floreat.
1534 3653 1535 3657 ,

288 3692 381 3797 {cuppis
395 3679 454 3727 edit.
466 3675 605 3795 ΙιἸιιιενιΙΙι.ω
633 3674 657 3727 5,
670 3677 824 3796 cetpnetedit‘,
832 3675 927 3794 BFeped.
941 3684 964 3793 pt
976 3677 1030 3726 cod.
1043 3673 1156 3729 Floreat.
1170 3691 1276 3746 corpore
1288 3677 1327 3728 ed.
1335 3675 1447 3728 Ειωεοι.

306 3760 355 3797 ,ra
376 3759 579 3796 onemsuamm
639 3757 681 3795 em
719 3760 751 3795 ne
776 3761 830 3798 eo.
879 3761 957 3797 oren.

356 3811 418 3882 Cep.
430 3811 493 3866 XX.
507 3841 540 3852 -
559 3812 580 3864 l.
593 3758 638 3862 sgr
645 3811 738 3863 ellatur
754 3814 812 3864 edit.
829 3811 943 3863 Elmenl.
1007 3811 1031 3863 2.
1044 3809 1159 3864 Tertium
1176 3814 1236 3865 edit.
1251 3811 1346 3865 Bened.
1360 3823 1385 3866 er
1396 3813 1447 3866 cod.

289 3880 401 3933 Floreat.
419 3880 521 3933 Tertius
534 3883 593 3934 edit.
633 3879 722 3931 lmend.
778 3878 955 3934 3.1Theseel.
964 3879 994 3943 V,
1006 3877 1047 3934 23.
1103 3881 1128 3932 4.
1140 3881 1378 3950 spiritumgrotiam
1389 3885 1445 3936 edit.

288 3949 384 4004 Bened.
397 3959 422 4000 er
432 3951 487 4002 cod.
501 3949 613 4002 Floreat.
626 3949 745 4018 spiritus,
763 3948 876 4018 gretiam
888 3950 947 4000 edit.
960 3947 1075 4000 Elmenl.
1137 3948 1161 4002 5.
1174 3949 1281 4019 spiritus
1293 3952 1378 4004 sancti
1390 3953 1446 4002 edit.

287 4017 403 4072 Elmend.
456 4016 479 4069 6.
492 4015 674 4087 SapientL5.

356 4085 418 4156 Gap.
430 4085 504 4138 XXI.
515 4115 549 4124 -
564 4085 584 4137 l.
615 4085 682 4136 rima
692 4085 783 4138 muudi
795 4083 942 4138 conditione
955 4087 1013 4139 edit.
1028 4085 1150 4148 Elmenh„
1169 4087 1309 4139 decoctor.
1322 4089 1377 4140 cod.
1391 4087 1446 4140 Flo·

288 4165 352 4208 rent.
404 4153 427 4206 2.
441 4155 497 4206 sola
508 4156 567 4207 edic.
606 4155 686 4216 eoed„
699 4161 723 4204 et
734 4156 789 4207 cod.
803 4153 830 4204 F
829 4155 916 4207 lorent.
929 4154 1003 4206 salva
1012 4156 1070 4205 edit.
1082 4153 1206 4218 doment,
1218 4157 1264 4206 sed
1269 4174 1322 4226 per
1331 4173 1445 4216 mern,

284 4232 355 4292 puto,
367 4241 509 4292 operarum.
562 4221 588 4274 3,
600 4223 643 4273 Ιια
656 4224 714 4274 edit.
729 4221 831 4284 Bened,
844 4221 969 4284 Eumene„
982 4231 1006 4273 et
1017 4223 1071 4274 cod.
1086 4222 1196 4274 Florent.
1219 4225 1278 4274 Alie·
1288 4223 1445 4276 admittente.

288 4291 314 4344 l.
326 4292 405 4343 etiam
416 4291 547 4360 praecepti
558 4289 676 4342 custodia
688 4291 766 4352 „elie”
778 4310 795 4341 a
815 4292 849 4342 od
860 4289 974 4342 Elment.
1025 4289 1050 4344 5.
1064 4291 1212 4344 emendaret
1222 4291 1295 4345 Mas.
1305 4295 1392 4362 plures
1400 4293 1445 4344 Be·
1533 4345 1534 4362 ,

289 4361 479 4422 aedictr'rrcrcm,
493 4361 548 4412 cod.
556 4359 666 4410 Florent.
680 4367 706 4409 et
716 4361 775 4410 edit.
807 4361 877 4412 ened.
890 4359 1005 4423 evitaret,
1018 4375 1082 4426 quoe
1094 4369 1131 4410 eet
1140 4361 1184 4410 ool
1200 4369 1246 4411 oto
1257 4365 1396 4430 empturo,
1408 4363 1444 4414 ed.

291 4425 404 4480 Elmend.
457 4426 480 4477 6.
493 4425 616 4477 Nonnulli
628 4428 728 4478 codices
739 4431 777 4478 alc
784 4435 969 4498 prosequentur
985 4433 1142 4480 nontamen
1158 4379 1198 4480 ed
1208 4427 1375 4482 obtinendam
1391 4430 1445 4482 siue

290 4493 334 4570 illo
347 4495 390 4560 qui
402 4499 556 4562 quaerentes
569 4493 632 4546 lacit
643 4495 769 4559 invenire,
786 4495 831 4563 qui
842 4495 1006 4564 pulsantibus
1022 4496 1117 4566 aperit,
1134 4497 1178 4564 qui
1195 4497 1343 4566 petentibus
1359 4497 1443 4553 donat.

291 4557 363 4610 Sicut
375 4575 437 4628 ergo
449 4561 552 4613 initium
565 4560 759 4616 deomiaeraute
768 4567 795 4615 et
805 4563 947 4632 inspirante
956 4561 1051 4618 habere
1060 4579 1109 4618 nos
1119 4564 1255 4632 eredimus,
1266 4565 1304 4619 ita
1312 4565 1444 4620 arbitrium
