3120 4994
300 269 364 338 304
716 273 847 316 amotus
860 275 1041 318 maranum

367 424 415 594 llll.
437 425 743 516 Hemerobaptistac,
762 451 799 496 eo
815 431 898 518 quod
913 431 1050 518 qnotidie
1062 431 1254 500 aestimante
1269 451 1326 496 sua
1340 435 1373 496 ct
1389 451 1470 498 cor·

300 548 376 614 pora
400 535 502 596 avent

545 795 610 838 CAP·
625 795 665 838 vl.
698 793 741 839 D!
754 795 942 843 mmmm
957 797 1208 844 ammonuit.

364 943 392 1006 1.
415 941 548 1022 Quidam
563 946 658 1010 etiam
671 944 821 1012 haeretici
836 950 889 1033 qui
909 947 947 1014 de
970 947 1103 1016 ecclesia
1121 953 1319 1014 recesserunt
1341 967 1379 1014 ex
1400 967 1467 1013 nc·
1491 974 1497 985 ·

298 1045 383 1110 mine
398 1052 559 1114 auctorum
573 1069 700 1114 suorum
714 1057 945 1137 nuncupantur,
961 1051 1089 1138 quidam
1102 1073 1175 1118 uero
1196 1071 1235 1116 ex
1255 1050 1359 1116 causis
1378 1069 1467 1136 quas

300 1145 450 1232 eligentes
465 1149 678 1218 instituerunt

361 1250 391 1316 2.
420 1251 593 1320 Simoniani
613 1254 691 1322 dicti
711 1275 731 1321 a
750 1255 877 1324 Simone
895 1260 1034 1344 magicae
1057 1257 1242 1346 disciplinae
1262 1259 1379 1344 perito,
1407 1259 1467 1324 cni

171 1362 176 1372 '
297 1351 408 1420 Petrus
422 1355 457 1420 in
470 1356 604 1426 Actibus
618 1358 838 1446 Apostolorum
850 1361 1027 1445 maledixit,
1048 1381 1104 1447 pro
1125 1382 1162 1427 eo
1176 1359 1259 1446 quod
1273 1361 1313 1426 ab
1328 1365 1464 1446 aposto·
1551 1377 1552 1428 i

297 1455 337 1522 Iis
357 1457 486 1544 spiritus
509 1463 611 1528 sancti
636 1462 769 1548 gratiam
792 1466 926 1550 pecnnia
950 1485 1053 1530 emere
1074 1464 1249 1530 ¹voluisset
1284 1463 1326 1530 Hi
1345 1463 1465 1530 dicunt
1551 1517 1552 1520 ¹

298 1567 472 1628 creaturam
485 1583 549 1630 non
564 1585 583 1630 a
597 1564 665 1648 deo,
685 1567 741 1630 sed
755 1588 774 1630 a
787 1567 902 1632 virtute
917 1567 1051 1653 quadam
1066 1587 1201 1654 superna
1215 1573 1359 1632 creatam.

360 1664 389 1730 3.
411 1665 629 1734 Menandriani
643 1689 663 1733 a
676 1669 847 1736 Menandro
861 1691 968 1756 mago,
990 1669 1143 1756 discipulo
1159 1669 1311 1751 Simonis,
1329 1689 1463 1736 nuncu-

296 1768 373 1854 pati,
388 1768 442 1854 qui
455 1770 608 1836 mundum
622 1792 685 1838 non
700 1771 802 1856 adeo,
817 1771 893 1840 ²scd
907 1775 946 1840 ab
962 1773 1081 1858 angelis
1095 1773 1213 1838 Iactum
1227 1775 1346 1838 asserit

359 1872 389 1936 4.
410 1873 596 1940 Basilidiani
614 1873 784 1942 aBasilide
803 1875 966 1962 appellati,
986 1876 1040 1962 qui
1053 1876 1137 1947 inter
1151 1875 1287 1961 reliquas
1301 1873 1459 1961 blasphe-

295 1974 375 2040 mias
389 1996 518 2061 passum
531 1978 636 2044 Iesum
649 1985 773 2064 negant.

359 2077 389 2142 5.
410 2079 583 2146 Nicolaitae
604 2082 681 2148 dicti
700 2081 877 2166 aNicolao,
897 2083 1028 2150 diacono
1049 2081 1200 2149 ecclesiae
1218 2080 1459 2166 Hierosolymo·

296 2199 382 2266 rum,
402 2184 455 2267 qui
470 2203 542 2250 cum
556 2183 714 2271 Stephano
730 2191 763 2250 et
777 2188 888 2251 ceteris
904 2189 1158 2252 constitutus'est
1171 2207 1190 2250 a
1203 2185 1294 2252 Patro
1309 2184 1361 2270 qui
1373 2203 1459 2272 pro·

295 2290 366 2370 pter
386 2285 653 2372 pulchritudinem
671 2288 852 2374 relinquens
873 2309 1003 2355 uxorem
1024 2289 1147 2356 dixerat
1166 2295 1202 2354 ut
1223 2288 1276 2372 qui
1297 2286 1390 2352 vellet
1416 2310 1460 2354 ea

296 2393 450 2454 uteretur:
464 2409 557 2456 versa
570 2390 667 2457 estin
681 2397 825 2478 stuprum
838 2391 911 2458 talis
926 2392 1127 2475 consuetudo,
1141 2398 1178 2457 nt
1190 2391 1325 2458 Invicem
1338 2391 1457 2457 coniu-

294 2493 346 2575 gia
360 2499 633 2560 commutarentur.
656 2495 739 2573 Quos
752 2495 885 2562 Ioannes
900 2498 934 2560 in
947 2495 1138 2584 Apocalypsi
1151 2493 1308 2582 improbat
1327 2492 1457 2579 dicens,

294 2591 375 2660 ’Sec
389 2595 447 2662 hoc
461 2596 570 2681 habes,
586 2597 668 2683 quod
683 2597 778 2663 odisti
791 2599 875 2664 facts
887 2598 1120 2666 Nicolaiimum.

358 2700 387 2764 6.
411 2700 551 2766 Gnostici
565 2707 693 2787 propter
706 2700 923 2768 excellentiam
938 2705 1086 2768 scientiae
1106 2701 1152 2766 ita
1170 2721 1205 2766 ac
1226 2698 1375 2787 appellari
1388 2719 1453 2767 vo-

293 2799 426 2868 lucrunt
448 2803 596 2868 Animam
610 2811 754 2870 naturam
768 2803 820 2870 dei
835 2823 904 2871 essa
920 2803 1038 2889 dicunt,
1053 2805 1171 2871 bonnm
1185 2809 1217 2868 et
1227 2803 1343 2869 malum
1353 2801 1454 2870 doum

293 2904 359 2970 suis
374 2905 570 2990 dogmatibus
585 2907 715 2991 fingunt

356 3009 385 3072 7.
408 3008 640 3096 carpocratiani
654 3031 674 3074 a
688 3009 872 3097 Carpocratc
884 3011 1018 3097 quodam
1028 3017 1190 3094 vocantur,
1206 3015 1257 3095 qui
1270 3009 1348 3074 dixit
1355 3007 1451 3076 chri-

292 3115 376 3176 atum
390 3108 549 3178 hominem
562 3113 659 3178 luisse
672 3119 806 3197 tantum,
821 3121 853 3179 ot
867 3115 906 3180 de
920 3122 1051 3200 utroque
1066 3134 1142 3179 sexu
1156 3115 1360 3200 progenitum

355 3213 384 3278 8.
407 3213 599 3281 Cerinthiani
613 3237 633 3280 a
646 3215 793 3283 Cerintho
814 3217 949 3302 quodam
966 3219 1148 3302 nuncupati·
1184 3217 1225 3281 Ili
1247 3217 1329 3281 inter
1344 3223 1452 3282 cetera

292 3317 563 3384 circumcisionem
577 3318 755 3403 observant,
768 3318 856 3385 millo
871 3341 970 3386 annos
984 3326 1057 3406 post
1069 3319 1329 3385 resurrectionem
1342 3322 1377 3386 in
1390 3339 1449 3386 vo·

291 3420 410 3508 Inptate
426 3422 528 3488 carnis
542 3423 663 3488 futuros
677 3423 868 3508 praedicant
897 3423 989 3490 Unde
1004 3430 1037 3488 et
1051 3424 1168 3488 Graece
1183 3422 1368 3507 Chiliastac,
1387 3423 1449 3492 La·

289 3525 355 3590 tIne
369 3523 553 3591 ‘Milliastae
568 3532 642 3591 sunt
656 3525 813 3613 appellati.

352 3627 382 3692 9.
404 3627 535 3694 Naaaroi
550 3628 626 3693 dicti
641 3631 695 3713 qni
710 3628 785 3694 dum
796 3628 965 3712 Christum,
981 3631 1034 3714 qui
1048 3630 1146 3694 avico
1158 3625 1314 3694 Nazareus
1329 3635 1380 3694 est
1390 3649 1446 3716 ap·

289 3729 433 3816 pedatus,
439 3729 594 3796 filiumdei
600 3732 817 3815 confiteantur,
825 3733 1163 3798 omniatamenveteris
1169 3731 1246 3814 legia
1256 3731 1447 3798 custodiunt.

354 3833 403 3898 10.
426 3833 558 3920 OphItae
583 3855 603 3898 a
627 3833 754 3900 colubro
774 3836 927 3900 nominati
947 3839 1030 3900 sunt.
1067 3834 1200 3900 coluber
1221 3833 1306 3898 enim
1328 3835 1446 3900 Graece

289 3935 354 4024 ὄφις
369 3935 491 4002 dicitur.
515 3935 628 4003 Colunt
642 3939 726 4004 enim
741 3943 928 4024 serpentem,
943 3937 1083 4004 dicentes
1098 3940 1202 4020 ipsum
1216 3939 1250 4002 in
1263 3936 1447 4023 paradisum

287 4039 449 4106 induxisse
464 4041 588 4105 virtutIe
604 4039 822 4124 cognitionem

353 4143 401 4208 11.
423 4141 635 4210 Valentiniani
657 4163 676 4207 a
694 4143 862 4210 Valentino
883 4144 1016 4229 quodam
1036 4141 1196 4208 Platonico
1215 4147 1369 4208 sectatore
1388 4163 1445 4209 ro-

288 4247 362 4330 cati,
377 4247 431 4331 qui
445 4244 575 4329 Αἰῶνας,
594 4245 629 4312 id
643 4251 692 4312 est
705 4245 812 4312 secula
826 4247 994 4332 quaedam,
1012 4248 1046 4310 in
1061 4245 1214 4331 originem
1229 4245 1280 4310 dci
1294 4249 1444 4312 creatoris

340 4433 362 4487 1.
382 4431 443 4488 Ood.
456 4432 557 4488 maa.
569 4433 646 4488 addit
653 4433 702 4490 mc
713 4433 741 4488 in
751 4439 867 4506 tempore
875 4433 986 4490 Neronis
996 4433 1054 4499 fuit,
1066 4439 1093 4488 at
1103 4433 1131 4488 ln
1140 4431 1230 4488 XXIII
1238 4448 1307 4488 anno
1318 4437 1380 4503 post
1387 4449 1444 4488 cro·

287 4515 345 4556 caan
362 4499 458 4556 Christi
473 4503 592 4558 mortum
610 4507 657 4557 eat
725 4501 750 4556 2.
768 4503 829 4558 ch.
846 4503 941 4559 Plator.
958 4501 1005 4560 aad
1025 4503 1059 4558 ab
1080 4503 1181 4574 angela
1197 4503 1296 4558 Iactum
1314 4507 1442 4558 marani.

287 4566 313 4624 3,
325 4569 404 4640 Apoc.
416 4567 448 4636 II,
459 4567 484 4622 6.
534 4569 709 4628 Ildillanarii
721 4571 948 4628 edida'ealrcaelaa.
