3112 4986
521 282 854 333 consummaturum.
1204 287 1264 357 173

110 440 258 508 dacorum
271 441 379 512 cultris
393 441 525 527 lapideis
540 443 782 524 circumciderit;
797 443 881 528 quod
894 461 953 510 nec
964 461 1068 510 rerum
1081 447 1194 510 natura
1206 461 1266 508 nec

108 547 208 612 uirtus
223 551 278 612 aut
291 547 370 612 retio
385 545 560 631 persuedet
582 546 714 612 Facilius
730 549 816 612 enim
826 546 933 612 ludaei
942 545 1111 631 periclitari
1122 551 1267 630 poterent
1291 583 1293 593 ι

108 665 204 732 quam
223 649 340 726 curari;
366 652 426 714 etsi
445 648 617 714 secundum
636 649 687 714 dei
707 652 878 734 potentiam
897 646 1053 732 ²unquam
1072 647 1265 732 impossibile

107 770 170 818 non
185 759 236 816 cat
249 751 378 836 aliquid,
391 758 498 816 iernen
513 771 616 816 rerum
630 759 742 816 nature
755 772 818 818 non
832 753 960 836 patitur,
974 769 1032 815 nec
1047 752 1124 816 ratio
1136 771 1264 835 persua-

107 851 169 916 det
191 851 240 918 Ne
255 874 326 936 ergo
342 856 472 938 petrinis
487 851 624 936 ³onltris,
639 854 746 918 dicant
759 855 959 920 circumcisos
969 853 1101 918 Iudaeos
1117 851 1155 916 de
1170 873 1264 938 paga·

107 976 220 1020 norum
234 956 409 1022 durissimis
423 956 582 1023 mentibus
597 977 633 1022 ec
648 955 791 1042 lapideis,
806 977 885 1040 quac
900 961 993 1020 antea
1006 956 1130 1020 inerant
1141 955 1266 1039 quidem

106 1059 262 1143 impietati
278 1057 417 1140 deditae,
432 1064 543 1144 postea
555 1079 628 1124 vero
644 1057 806 1124 credentes
822 1061 856 1122 in
871 1058 1013 1140 domino,
1032 1061 1148 1124 amissa
1160 1065 1265 1122 mento

106 1158 248 1249 lapidee,
267 1161 458 1228 ⁴merueriut
477 1161 515 1226 de
529 1161 624 1226 uerbo
641 1161 692 1226 dei
708 1161 888 1228 circumcidi
902 1167 1024 1244 mente,
1046 1159 1265 1244 ⁵doctrincque

107 1385 205 1432 nuere
221 1368 385 1431 scientiam
399 1365 582 1448 salutarem,
602 1365 640 1432 de
662 1366 730 1449 legs
750 1372 782 1430 et
795 1365 956 1452 prophetis
971 1386 1041 1432 eam
1055 1367 1169 1451 quippe
1183 1385 1265 1432 uun·

107 1470 225 1534 tientes
244 1475 338 1552 atque
358 1468 597 1552 comprobantes
617 1468 764 1552 undique.
802 1469 948 1546 Quemvis
970 1470 1055 1533 enim
1076 1474 1109 1532 et
1128 1467 1266 1552 quotidie

108 1571 373 1646 circumcidentur
385 1571 493 1636 Iudaei
507 1569 608 1636 abhis
624 1574 677 1655 qui
688 1577 760 1636 ante
772 1577 862 1636 erant
871 1569 1014 1654 gentiles,
1028 1569 1061 1634 id
1072 1575 1122 1638 est
1131 1570 1265 1636 docean-

107 1679 158 1738 tur
173 1673 296 1756 delego
311 1674 534 1758 etprophetis,
556 1673 595 1738 de
615 1673 676 1738 fide
692 1674 807 1738 Christi
823 1672 942 1738 domini
958 1673 1079 1738 scilicet
1092 1673 1267 1756 saluatoris,

108 1779 162 1861 qui
176 1778 204 1842 si
220 1775 412 1842 credideriut
425 1779 533 1861 stipsi
548 1775 658 1840 salutis
672 1775 844 1842 remedium
858 1777 1017 1859 accepturi
1030 1782 1119 1858 sunt,
1139 1775 1265 1860 ⁶perse-

106 1883 253 1944 rorantes
275 1885 382 1950 tamen
403 1879 436 1944 in
453 1877 567 1944 duritia
580 1881 696 1944 mentis
711 1878 867 1963 lapideae,
889 1884 1015 1944 aeterno
1038 1884 1130 1942 enmt
1150 1877 1264 1947 iudicio

108 1980 279 2048 detinendi.
315 1981 452 2064 Ideoque
472 1987 505 2044 et
523 1980 668 2046 domiuus
682 1983 717 2046 in
731 2001 838 2046 eorum
853 1979 1097 2046 contradictione
1112 1983 1265 2066 pertinaci

108 2082 232 2148 dicebat
243 2083 327 2167 qnod
337 2082 395 2148 lilii
406 2103 523 2164 eornm,
536 2082 570 2146 id
584 2089 633 2146 est
646 2085 760 2168 pegeni
774 2085 846 2168 ipsi,
861 2087 952 2148 eruut
965 2081 1083 2148 iudices
1095 2103 1202 2148 eorum
1216 2089 1263 2148 at·

107 2205 168 2270 qne
183 2185 340 2267 doctores,
360 2183 393 2250 id
408 2190 458 2248 est
471 2186 610 2268 gentium
629 2185 778 2271 populus,
798 2187 852 2270 qui
871 2190 944 2250 ente
965 2187 1000 2250 in
1017 2192 1122 2252 mente
1141 2185 1265 2272 lapidea

106 2287 306 2372 versabatur,
328 2291 437 2372 postea
455 2307 528 2352 vero
543 2307 599 2372 per
614 2285 731 2352 Christi
745 2286 839 2352 fidem
852 2287 1030 2352 merebatur
1045 2288 1086 2354 cd
1100 2291 1264 2354 scientiam

108 2389 276 2456 salutarem
286 2392 460 2475 pervenire.
482 2389 578 2454 lsraiil
585 2395 689 2454 autem
700 2389 872 2456 secundum
883 2390 983 2474 legem
994 2411 1133 2476 currens,
1143 2398 1179 2458 ut
1187 2395 1264 2458 sori·

107 2499 199 2578 ptum
214 2499 272 2574 est,
287 2491 328 2556 ad
342 2491 419 2576 legis
433 2494 582 2556 virtutem
596 2494 759 2577 pervenire
773 2513 837 2556 uon
852 2495 964 2578 potuit,
978 2495 1128 2578 quianon
1143 2515 1181 2558 er
1193 2495 1265 2578 fide,

108 2595 164 2660 ssd
185 2615 224 2658 ex
245 2593 391 2680 operibus
413 2615 534 2660 currere
556 2595 752 2680 properabat
787 2595 880 2660 lecob
901 2597 984 2660 enim
1004 2595 1081 2660 dicit
1101 2597 1183 2681 quod
1196 2600 1264 2681 ipse

111 2700 171 2762 erit
190 2717 263 2782 spes
283 2700 439 2781 gentium,
458 2718 521 2764 non
540 2696 734 2762 Indaeorum.
771 2695 901 2782 Oportet
919 2717 990 2782 ergo
1011 2703 1120 2782 gentes
1140 2698 1264 2764 credere

1223 2797 1230 2828 ι

173 2864 199 2917 2.
212 2881 292 2946 quem
302 2866 337 2918 A.
388 2865 412 2919 3.
431 2865 570 2920 Facillime
588 2870 741 2919 correctione
757 2870 847 2946 reposci
858 2875 945 2936 posset
958 2866 1046 2919 cultris
1062 2867 1162 2936 dicent,
1177 2867 1265 2922 <licant

106 2933 273 2987 cncumomos
285 2943 342 2988 cett.
365 2934 418 2986 Sed
427 2953 476 2987 non
487 2953 549 3006 opus
559 2943 603 2986 est.
648 2934 673 2987 4.
684 2941 808 2987 meruerit
819 2934 845 2986 rd
857 2941 897 2987 est
907 2935 986 2988 verbo
998 2935 1040 2988 dei
1054 2936 1089 2989 A.
1135 2936 1159 2990 5.
1171 2937 1264 2992 docmi-

106 3017 219 3074 namque
230 3003 284 3056 iam
295 3003 415 3056 caelestis
426 3003 460 3056 A.
512 3002 535 3055 6.
546 3009 740 3074 perseverantes
752 3007 840 3056 numm
849 3003 877 3056 in
889 3003 924 3056 A.

107 3174 232 3254 quamdo,
249 3172 280 3226 de
292 3189 345 3254 (pua
355 3173 459 3228 videndi
474 3173 573 3228 Masius
588 3189 662 3244 prae·
712 3175 859 3239 salutarem,
872 3175 962 3244 quoin
971 3179 1045 3246 tropo
1054 3173 1206 3231 Philostrins
1215 3179 1265 3232 sibi

106 3259 187 3313 crpus,
200 3241 347 3322 etDrusrns
359 3241 391 3294 ad
403 3241 427 3322 5:
440 3239 490 3296 los.
503 3242 535 3306 2.,
552 3259 662 3323 qnorum
711 3241 1009 3363 consentientem3habet
1021 3243 1202 3328 Gaudentium,
1221 3248 1265 3316 qui

105 3315 598 3459 diffiiiiuloiillniiid
606 3311 662 3432 iit:
712 3310 1264 3498 intdiiptettntiltltii

105 3453 250 3500 rumenam
261 3447 344 3500 Mosrs
354 3447 521 3500 Mermomdrs
537 3453 603 3500 inter
620 3447 660 3500 lu·
711 3448 784 3500 mos”
803 3452 886 3500 vocat
937 3464 995 3500 orro
1032 3463 1067 3501 uo
1087 3455 1163 3519 pacto
1183 3467 1263 3504 saxeo

105 3516 182 3570 meos
195 3515 338 3568 doctissimi
354 3515 483 3568 calculum
500 3515 599 3580 adiicit,
616 3515 661 3584 qui
711 3517 793 3568 cultro
802 3515 996 3569 utenteslndaei
1046 3518 1265 3574 circumcisionem

106 3583 174 3638 duris
185 3583 303 3636 silicibus
319 3599 396 3636 nsum
407 3600 464 3636 esse
480 3583 592 3648 losuam,
608 3599 661 3636 non
710 3583 966 3653 periclitari-facilius
982 3586 1113 3654 potuerint
1125 3603 1203 3656 quem
1221 3605 1263 3640 cu·

105 3654 186 3706 acutia
194 3652 315 3733 gladiolis
313 3652 449 3774 ipppinetur.
463 3651 589 3706 Convenit
597 3667 661 3720 quo·
711 3652 761 3704 rari
779 3659 807 3704 ut
817 3650 859 3703 hic
876 3651 990 3705 affirmat
1004 3651 1164 3718 Philastrius,
1180 3656 1268 3712 fateor

106 3721 305 3792 quescrtrsaima
367 3726 469 3790 atquea
488 3720 660 3774 tissimaane-
710 3737 752 3773 me
764 3737 868 3790 prorsus
880 3721 1000 3790 ignorare
1012 3739 1071 3774 cum
1083 3723 1184 3788 multis,
1202 3725 1264 3792 quie

105 3785 660 3926 lilliidiitllitfflttieilii
709 3789 796 3908 llil
810 3788 989 3910 illeille
1009 3793 1263 3913 trattati

105 3898 332 3979 nriiircumcuio
344 3873 453 3989 cordislff'
463 3925 499 3978 ait
507 3925 660 3977 Ambrosius
711 3873 780 3994 guod
790 3873 932 3978 silioiiomm
943 3927 1082 3980 cultrorum
1094 3927 1127 3980 ai
1136 3900 1264 3982 difficilio3

104 3992 187 4048 Praei„
203 3994 231 4048 in
246 3993 327 4062 Epist.
344 3993 377 4046 ad
395 3991 515 4058 Galatam
531 3993 591 4046 licet
610 3991 661 4046 hoc
710 3994 926 4046 resaectionesm
983 3995 1044 4048 asit
1054 3995 1225 4049 commoditas
1237 4003 1264 4049 et

105 4061 159 4144 loco
171 4061 325 4116 Philastrius
335 4061 443 4144 petrinis
452 4061 660 4142 cultriscircum·
711 4061 834 4141 aptitudo,
846 4063 953 4143 utplurr
972 4063 1095 4144 uctredit
1106 4063 1194 4186 steph.
1205 4065 1261 4122 Mo·

105 4129 365 4210 amoeludaeoscnm
378 4129 661 4210 drcrt,1ntolhgrvelrt,
710 4145 782 4182 rmus
791 4129 903 4184 Exercrt.
913 4129 944 4184 de
953 4130 1000 4184 Lm
1021 4139 1138 4202 urspart
1162 4150 1206 4188 .ca
1225 4135 1262 4190 .9.

105 4199 273 4270 agentilrbus
285 4199 579 4268 eorumquedurissrmrs
588 4213 660 4250 meu·
711 4213 771 4268 pag.
784 4197 850 4262 290„
867 4205 894 4252 ot
909 4199 990 4265 „iorro
1048 4199 1075 4254 di
1091 4199 1195 4256 horreat
1207 4152 1262 4257 ial-

104 4266 210 4322 tibnsac
218 4267 244 4319 ia
263 4265 336 4330 ideis,
346 4274 495 4336 qusesntes
503 4267 605 4322 inerant
613 4267 660 4320 im·
711 4265 828 4320 samum''
840 4267 877 4320 cic
886 4267 984 4320 Plinius
995 4267 1055 4322 ΧΗ.
1066 4269 1116 4336 in,
1133 4288 1211 4342 quare
1223 4273 1262 4325 in·
1373 4279 1378 4290 ‘

105 4335 226 4416 pietatid
260 4335 325 4399 itae,
341 4342 434 4406 postes
449 4351 513 4418 uero
528 4337 659 4392 credontes
710 4334 803 4388 ciditur
818 4335 896 4400 uitro,
912 4336 997 4406 lepide
1014 4337 1127 4420 esseisve
1144 4341 1262 4407 cultellis,

105 4419 130 4460 rn
144 4403 252 4485 dommo
269 4403 353 4484 iactae
370 4411 445 4486 sunt,
463 4420 558 4486 amissa
573 4408 660 4456 mente
708 4401 779 4526 ἓιιοά
804 4401 941 4484 confirmat
962 4411 989 4460 ct
1015 4407 1127 4462 rllustrat
1151 4409 1261 4466 Salmas.

105 4471 361 4598 tetecum
379 4539 660 4600 or
707 4469 1180 4609 10t⁰tff¹ii¹¹¹²·⁰²¹’·³⁵·¹’⁸⁸·⁴¹⁷·
1197 4475 1260 4547 ⁴⁰*
