3120 4994
278 257 375 324 332·
461 249 1271 298 noromaoeoaronnrnnrrsnnsamsmosnrnnnnna

91 425 142 480 cn·
155 427 263 470 mxu·
339 411 493 498 neophali
507 413 576 479 sino
591 414 694 499 eapite
708 411 799 492 dioti3
813 411 843 480 A
858 413 974 500 qnippe
985 435 1065 496 sana,
1078 409 1197 500 κεφαλὴ
1209 411 1325 480 dieitur
1335 433 1435 480 enarr.

276 515 318 581 Hi
332 517 401 580 sino
415 519 541 581 auotore
557 521 641 599 sunt,
660 521 692 582 ot
707 515 784 581 dues
799 515 992 581 substantias
1011 517 1046 581 in
1061 514 1184 584 Christo
1198 521 1326 600 negant,
1346 537 1437 584 unam
1539 506 1540 509 ¹

277 625 422 684 naturam
436 621 469 684 in
484 618 552 684 eius
566 639 701 705 persona
714 618 907 705 praedicant.

80 735 131 788 0⁸1»-
144 735 260 777 mma
340 720 549 788 Theodosiani
561 727 594 786 et
610 723 772 789 Gaianitae
787 742 807 788 a
822 720 1014 788 ¹Theodosio
1026 727 1059 786 et
1071 722 1187 788 Gaiam
1200 721 1358 808 episeopis
1369 720 1439 788 Ala-

276 825 425 892 xandriae
441 825 550 892 exorti.
579 824 621 890 Hi
636 845 675 891 ex
689 825 810 892 duabus
824 845 921 891 unam
941 827 975 890 in
990 823 1113 890 Christo
1128 831 1274 891 naturam
1288 831 1439 890 asserunt

84 942 260 996 cnr-mxlv·
339 929 494 1013 Agnoitee
509 929 549 996 ab
564 930 741 1013 ignorantia
755 929 842 994 dieti.
878 928 920 994 Hi
935 927 1046 996 dieunt
1064 928 1147 1014 qnod
1163 928 1280 996 Christi
1294 928 1439 998 divinitas

277 1035 400 1118 ignoret
413 1032 520 1098 sutura
533 1031 572 1098 do
589 1031 639 1098 dia
653 1031 835 1100 novissimo.

97 1149 262 1204 venunt
342 1135 514 1201 Trithoitae
536 1135 675 1201 atribus
698 1135 783 1202 dieti.
820 1134 862 1202 Hi
880 1136 963 1202 siout
981 1139 1046 1200 tres
1067 1154 1218 1222 personas
1235 1135 1272 1200 in
1291 1133 1441 1218 trinitate,

174 1267 180 1278 ·
277 1242 324 1306 iia
337 1244 483 1304 asserunt
497 1245 562 1304 tres
577 1259 646 1304 esse
662 1239 746 1304 deos.

342 1341 423 1408 Sunt
438 1341 564 1408 stelias
578 1341 724 1408 haereses
739 1345 772 1406 et
782 1343 851 1406 sine
865 1341 1056 1424 nominibus,
1071 1361 1110 1406 ex
1121 1340 1235 1426 quibus
1246 1340 1327 1408 aliae
1340 1342 1441 1408 tritor·

277 1465 361 1512 mam
376 1450 489 1532 putant
499 1465 569 1510 esse
582 1444 686 1527 deum,
701 1441 779 1510 aliae
792 1443 909 1509 Christi
920 1443 1118 1510 divinitatem
1128 1443 1313 1530 passibilem
1324 1444 1443 1526 dieunt,

278 1549 358 1612 aliae
374 1548 491 1613 Christi
505 1549 663 1613 nativitati
679 1547 717 1612 de
732 1551 820 1633 patre
834 1549 960 1612 initium
975 1546 1063 1629 dant,
1082 1546 1162 1612 alise
1176 1567 1272 1612 unam
1287 1551 1441 1633 operatio·

278 1671 353 1717 nem
367 1655 400 1715 at
412 1669 507 1716 unam
522 1649 715 1716 voluntatem
729 1652 765 1716 in
776 1649 899 1714 Christo
915 1648 1040 1716 deitatis
1055 1655 1088 1714 at
1100 1650 1304 1716 humanitatis
1318 1650 1441 1736 praedi·

279 1739 363 1838 oant,
376 1753 455 1818 aliae
470 1753 687 1818 liberationem
701 1751 861 1818 hominum
878 1751 962 1838 apud
975 1752 1092 1818 inferos
1108 1752 1224 1820 Christi
1238 1751 1442 1820 descensione
1540 1767 1541 1770 ’

278 1862 404 1940 nogant,
424 1855 503 1922 aliae
521 1857 682 1921 hominem
696 1855 747 1920 dei
766 1857 935 1939 imaginem
949 1855 1064 1920 habero
1079 1876 1144 1922 non
1165 1857 1349 1938 aestimant,
1369 1859 1443 1922 itam

280 1960 359 2025 aliae
375 1960 414 2026 de
428 1959 539 2024 mundi
553 1965 637 2026 statu
652 1959 860 2041 dissentiunt,
881 1957 960 2024 aliae
975 1958 1198 2027 inumerabiles
1219 1959 1357 2025 mundos
1376 1963 1442 2046 opi·

280 2069 405 2145 nentur,
426 2062 506 2126 aliae
521 2081 634 2146 aquam
654 2061 712 2127 deo
728 2069 927 2128 coaetomam
947 2061 1078 2144 faciunt,
1097 2061 1177 2128 aliae
1196 2061 1290 2128 rodis
1311 2063 1444 2148 pedibus

280 2165 458 2247 ambulant,
477 2164 555 2230 aliae
574 2185 646 2230 oum
664 2165 844 2234 hominibus
865 2185 928 2232 non
941 2165 1144 2248 manducant,
1166 2165 1245 2230 aliae
1261 2165 1300 2231 da
1316 2186 1444 2253 corpora
1540 2151 1541 2156 ἵ

282 2268 397 2334 Christi
413 2267 570 2333 dubitant:
583 2289 660 2354 quaa
676 2289 785 2334 omnes
801 2268 954 2336 oatholioa
968 2269 1103 2334 aooiesia
1118 2267 1254 2336 damnat

332 2437 394 2508 Gap.
406 2437 553 2492 LXXXIII.
566 2469 599 2480 —
614 2438 636 2494 l.
656 2439 736 2508 Valeo
748 2436 936 2493 Theodosiana
