3100 4980
1205 278 1267 346 387

101 431 210 482 dicaret
220 431 279 491 dea,
297 437 321 482 et
330 432 433 498 pretias
443 433 548 499 enarer,
565 433 642 484 etiam
653 429 727 482 laius
743 433 824 499 ipsius
833 433 907 498 sacti
927 429 991 484 milri
1006 433 1121 484 reddidit
1134 437 1266 497 mannen,

99 508 127 550 et
138 500 244 550 addidit
254 501 353 552 dicens:
371 501 412 552 det
424 500 471 552 tili
482 501 594 552 dominus
606 503 745 568 &aequori
756 499 881 550 nohimum
892 501 920 550 in
932 500 1043 551 omnibus
1053 511 1209 621 otperceptu
1221 503 1266 554 Ira·

95 570 229 636 ptismate,
305 571 310 581 '
334 569 370 620 ad
381 569 485 620 eandem
497 567 623 620 aelurum
635 571 768 620 conuenire
779 585 897 620 rreerrsam.
916 565 950 618 Et
960 567 1004 620 lib.
1014 567 1069 622 VII.
1094 569 1268 622 ellasar

100 647 127 688 et
136 636 205 686 illud
258 653 381 699 mamus,
393 653 503 688 mensam
515 637 695 705 rumpentibus
706 655 755 688 non
766 635 860 688 holere
872 653 1034 698 communem,
1050 640 1102 690 ns'm¹
1113 655 1168 688 cum
1183 641 1265 692 credi-

100 705 196 765 derint,
208 711 233 754 et
242 714 347 772 recepta
358 709 465 758 veritate
483 706 608 774 baptisati
612 709 725 773 fieemnt,
744 722 776 756 ac
793 709 863 756 trina
879 705 989 772 quadam
1001 705 1070 756 heau
1081 709 1186 758 nominis
1198 711 1267 758 inco·

100 775 203 824 catione
215 777 359 825 consecrati
361 793 370 836 ,·
383 783 407 826 et
417 784 475 826 neno
488 791 542 825 cum
555 777 591 824 eie
603 774 683 826 cilum
692 776 816 824 sumimus.
834 773 955 841 Alioquin
964 777 1064 825 etiamsi
1070 784 1149 842 pater
1158 783 1203 826 aut
1212 794 1266 828 ma·

99 851 141 892 ter
151 845 211 902 mut,
224 851 269 893 aut
279 859 343 894 uuor
355 843 470 910 uutfilii,
483 846 647 910 autfratres,
660 860 708 894 reon
716 859 848 910 possumus
860 859 915 892 cum
927 845 963 893 eis
974 859 1084 894 mensam
1096 841 1190 894 laone
1202 861 1266 896 eom·

98 927 206 960 munem.

152 977 290 1030 Abstinere
301 982 389 1030 eatan
400 979 433 1032 ab
445 979 584 1048 aliquibus,
597 993 649 1032 non
662 978 737 1047 qnasi
748 977 835 1044 malis]
855 975 995 1030 Christiani
1004 978 1137 1032 abstinent
1148 994 1176 1032 se
1188 979 1266 1032 inter·

99 1043 166 1098 dum
178 1045 298 1098 cmnibus
310 1052 338 1098 et
348 1047 418 1110 rino,
430 1063 483 1100 non
495 1047 563 1133 quod
575 1047 639 1100 haec
651 1052 777 1116 tanquam
793 1045 952 1115 parhippum
969 1047 1081 1111 oderint,
1099 1044 1164 1098 ἀλλὰ
1175 1052 1218 1099 τοῦ
1250 1047 1265 1114 ὴ

98 1117 209 1234 pipprpipp
226 1113 335 1236 prpl3rld5
344 1111 474 1236 dppoilcm
492 1133 534 1236 rip
552 1112 632 1184 cirpea
648 1120 677 1168 ut
697 1116 734 1168 ait
751 1115 871 1168 Clemens
888 1115 1080 1168 Alexandrinus
1101 1131 1218 1186 στρωματ
1232 1133 1265 1166 ων

141 1225 147 1236 .
210 1221 216 1234 .
240 1200 273 1235 ο.
337 1223 343 1236 .

100 1251 176 1302 nilus
187 1260 211 1302 et
223 1271 240 1302 a
252 1255 309 1304 uino
319 1253 452 1315 abstinent,
464 1271 512 1305 non
522 1261 565 1304 tan
600 1271 641 1304 um
650 1270 691 1304 ree
699 1254 865 1303 immundnsr
906 1255 986 1319 piant,
997 1254 1044 1304 sed
1051 1255 1190 1304 mundioris
1199 1257 1267 1306 sitne

98 1323 218 1372 instituta
234 1328 371 1374 sectantum.
389 1325 415 1373 et
431 1337 487 1392 cap.
503 1270 760 1376 xllluerrmnsme
777 1328 838 1382 tene,
854 1337 940 1372 seruos
956 1322 1006 1383 dei,
1022 1324 1065 1388 qui
1081 1340 1098 1371 a
1111 1322 1232 1374 carnibus
1244 1331 1268 1373 et

99 1391 160 1439 eino
172 1387 306 1450 adiuuent,
318 1407 367 1442 non
379 1399 505 1457 tamquam
516 1391 654 1452 immunda,
666 1407 730 1456 puae
743 1407 760 1440 a
773 1391 904 1456 deusacta
915 1397 973 1440 eunt
983 1406 1025 1440 ree
1060 1405 1109 1450 ere,
1127 1391 1173 1442 red
1184 1394 1266 1458 asor·

100 1459 164 1508 tiori
181 1456 235 1507 ciba
251 1465 275 1508 et
285 1467 361 1525 pom,
411 1459 492 1510 erola
505 1461 673 1526 castiqatione
691 1460 807 1539 corporis
823 1457 956 1510 abstinere.
986 1457 1018 1509 Vi
1037 1473 1050 1508 e
1067 1455 1192 1525 Gyrillum
1208 1459 1266 1511 Ale·

98 1523 362 1578 xandrinumcontra
391 1526 508 1578 ulianam
524 1525 635 1578 lib.VII.
651 1525 696 1578 iol.
711 1525 767 1578 lul.
787 1531 813 1578 et
828 1528 944 1594 sequent.
975 1523 1100 1592 Gyrillum
1118 1525 1266 1595 Hierosoly·

97 1592 191 1646 milam.
204 1609 265 1658 κατη
287 1593 327 1644 .δ.
341 1595 433 1662 pusulo
454 1593 514 1644 tumr
526 1591 549 1644 iu
562 1591 741 1664 Ἱεροσολύμοις
771 1609 814 1662 ag.
826 1593 868 1648 23.
892 1593 1041 1646 Tertullian.
1059 1593 1183 1647 adversus
1198 1596 1267 1648 Mar·

98 1661 204 1713 cionem
216 1611 305 1715 nell
317 1677 374 1732 cap.
387 1613 480 1716 xviri
510 1660 651 1714 Bernhard.
664 1661 695 1714 de
706 1610 785 1714 modo
804 1662 869 1715 bene
881 1661 985 1714 avendi
1002 1677 1078 1716 serm.
1091 1661 1190 1726 XXIV.
1218 1663 1266 1716 Pe·

98 1734 171 1781 mum
183 1729 340 1782 Damianum
352 1747 366 1782 e
385 1730 426 1782 ist.
438 1729 458 1782 1.
470 1730 594 1784 adnotate
605 1730 637 1782 ad
649 1731 789 1784 Minodum
800 1729 914 1783 Felicem
930 1729 975 1784 iol.
988 1729 1052 1782 LlV.

396 1189 455 1238 utor
467 1183 498 1236 de
529 1184 560 1236 de
573 1183 606 1236 ad
617 1183 722 1236 Petrum
733 1199 789 1252 cap.
802 1181 846 1236 III.
874 1183 949 1234 Serui
965 1185 1007 1235 dei
1017 1187 1044 1235 in
1062 1201 1089 1236 eo
1101 1187 1166 1252 prend
1178 1205 1195 1236 u
1207 1202 1266 1236 car-

134 1797 197 1867 Oap.
209 1796 312 1851 LXVII.
321 1828 355 1838 -
401 1799 455 1850 alas
468 1798 552 1850 dicere
563 1798 668 1867 nuptias
680 1797 886 1852 Hierachitarum
898 1803 924 1850 et
934 1797 1147 1852 Manichaeorum
1160 1801 1212 1866 est]
1223 1799 1265 1854 Illi

98 1865 172 1918 enim
184 1866 378 1920 matrimonium
395 1871 425 1920 ut
438 1867 551 1930 malum,
568 1873 595 1919 et
610 1866 784 1936 impudicitiae
801 1867 936 1936 negotium
952 1868 1104 1936 reprobant,
1124 1869 1266 1922 canusima

98 1939 262 1998 meraniae,
280 1953 373 1987 omnem
391 1939 481 1987 coitum
497 1953 615 2004 spurcum
632 1953 697 1997 cese,
716 1953 761 1987 nec
779 1939 926 2003 coniupatoe
937 1953 1012 2003 passe
1023 1953 1127 2002 reanum
1139 1938 1266 1988 caelorum

146 2004 237 2057 sidera
255 2001 304 2072 Epi
323 2000 415 2056 hanius
427 2001 525 2056 haeres.
538 2002 641 2056 LXVII.
665 2001 822 2056 Athanasius
835 2007 925 2056 conas
937 2019 1027 2056 earnes
1040 2002 1138 2056 haeres.
1149 2005 1195 2056 iol.
1206 2003 1265 2058 852.

94 2021 276 2139 ffironpmus
333 2070 492 2124 Oualentiam
509 2072 585 2140 epist.
596 2071 667 2126 XlV.
680 2088 708 2124 ca
729 2111 735 2124 .
749 2071 815 2125 VIII.
831 2071 956 2124 adversus
974 2070 1071 2124 Iovian.
1090 2073 1133 2124 lib.
1145 2071 1165 2124 1.
1177 2088 1232 2142 cap.
1245 2071 1265 2128 I.

98 2137 224 2192 Ireuuas
237 2138 360 2192 Mversus
373 2137 471 2194 haeres.
484 2140 529 2192 lib.
541 2139 560 2191 Ι.
572 2156 630 2209 cap.
648 2089 738 2192 XXX.
751 2145 777 2192 et
788 2145 907 2262 sapuerit.
936 2137 1025 2192 Iohan.
1044 2139 1221 2193 Damascsnus
1234 2141 1265 2194 de

98 2206 203 2260 haeres.
218 2205 264 2259 iel.
281 2205 339 2287 illl.
368 2207 520 2288 Venullian.
538 2216 628 2261 conus
644 2209 804 2262 Marcionem
842 2208 866 2262 b.
882 2205 902 2259 Ι.
919 2222 976 2276 cap.
992 2207 1094 2260 XXIX.
1126 2211 1167 2262 Aa
1187 2211 1266 2290 ustio.

99 2283 196 2407 itti:
211 2274 638 2398 ittitsl‘lmlztlnit:
655 2273 1155 2416 tiirtlrltrt..tulitin
1170 2279 1266 2400 alit

98 2428 177 2464 reuse
189 2409 209 2464 I.
221 2427 277 2481 cap.
289 2411 336 2466 xl.
358 2411 388 2464 Si
399 2415 586 2482 quie'cuuinpia
598 2413 710 2465 lumaua
723 2415 840 2475 damnat,
858 2421 882 2464 et
888 2416 1092 2482 procreationem
1110 2419 1266 2466 nascentium

92 2479 281 2550 perhorrescit,
293 2485 359 2533 sicea
368 2480 538 2534 Manichacus
550 2493 574 2536 et
585 2481 766 2534 Priscillianus
778 2483 852 2544 daie,
865 2479 1002 2534 anatliema
1013 2484 1054 2536 sit.
1083 2479 1201 2551 Ignatius
1213 2484 1266 2535 Au·

99 2545 214 2602 tlochiae
225 2545 384 2620 archiepisco
403 2566 435 2603 ns
448 2549 558 2619 epistota
569 2549 612 2602 VI.
625 2549 658 2602 ad
669 2546 896 2633 Philadelphenses
908 2564 969 2668 pap.
981 2547 1022 2601 34.
1052 2545 1110 2600 Ἐάν
1125 2567 1160 2612 τις
1173 2547 1265 2620 φθορὰν
1371 2607 1380 2620 ⁸

98 2615 142 2668 aa
155 2615 220 2685 polu
257 2615 284 2667 'uu
297 2615 360 2683 ναλῆ
396 2636 416 2684 ,u
428 2619 531 2687 νόμιμον
545 2617 619 2687 μίξιν,
638 2617 678 2670 nal
694 2615 736 2684 τὴν
754 2635 804 2670 των
816 2616 911 2668 παίδων
924 2636 940 2686 γ
952 2634 1028 2684 νεσιν,
1045 2614 1126 2682 ἤτινα
1138 2620 1186 2670 τῶν
1199 2617 1265 2687 βρω-

99 2681 186 2753 μάτων
199 2685 241 2752 pas
259 2683 327 2754 unuh,
340 2671 353 2738 l
366 2689 475 2747 τοιοῦτος
489 2683 606 2738 inaurari
623 2703 642 2737 ει
654 2685 695 2738 τὀν
709 2683 830 2755 δράκοντα
842 2685 884 2737 τὸν
896 2682 1043 2750 inaurium.

153 2751 232 2806 Gibos
244 2769 347 2823 quoqne
358 2754 462 2808 credere
473 2755 569 2821 malos]
587 2753 615 2807 Ci
635 2771 673 2818 os,
686 2771 752 2824 quos
764 2753 828 2806 dens
840 2753 937 2806 creavit
948 2753 981 2804 ad
994 2753 1132 2818 utendum,
1145 2770 1265 2808 aversan·

99 2828 144 2874 tnr
156 2828 182 2874 et
198 2828 324 2891 respuunt
340 2823 484 2886 Tacmnus,
502 2823 663 2887 Encratitae,
680 2821 844 2886 Iovinianus,
861 2820 1031 2874 Manichacus
1043 2827 1069 2874 et
1079 2821 1265 2876 Priscillianus.

97 2889 274 2958 Hieronymus
287 2889 410 2944 adversm
422 2889 547 2945 laviniam
560 2891 605 2944 lib.
615 2889 634 2944 1.
647 2906 703 2961 cup.
713 2891 732 2944 1.
761 2889 810 2960 Epi
828 2887 922 2942 hanins
933 2887 1032 2941 haeres.
1048 2887 1150 2942 XLVII.
1164 2901 1190 2944 et
1200 2891 1265 2946 LVI.

98 2957 278 3012 Theodoretus
290 2958 399 3014 divisor.
412 2959 505 3012 decret
518 2957 754 3029 epitomatorem.
768 2965 793 3011 et
804 2908 900 3010 lueret
911 2957 1021 3012 iabular.
1034 2957 1079 3010 lib.
1088 2957 1107 3010 I.
1124 2959 1264 3029 Augustis.

96 3025 200 3079 haeres.
210 3025 300 3080 XLVI.
318 3033 345 3080 et
355 3034 445 3080 cenas
455 3027 581 3080 Fanmum
592 3025 773 3080 Manichaeum
784 3027 829 3080 lib.
838 3025 881 3079 VI.
893 3041 949 3096 cap.
961 3025 1004 3080 VI.
1029 3025 1148 3080 Clemens
1160 3029 1265 3084 cenent

97 3095 146 3148 lib.
157 3093 200 3149 VI.
212 3111 269 3164 cap.
278 3094 314 3149 X.
328 3103 354 3148 et
365 3095 450 3150 XXV.
477 3095 600 3148 Nicotaus
612 3095 660 3150 PP.
674 3095 707 3148 ad
719 3096 838 3148 consults
849 3093 1023 3178 Balgarcrum
1036 3111 1057 3148 c.
1070 3094 1162 3150 XLIII.
1185 3095 1265 3150 Bern-

97 3161 197 3215 hurdus
209 3179 287 3233 super
299 3161 406 3216 Cantim
418 3179 494 3216 serm.
508 3163 598 3216 CXVI.
610 3163 655 3216 iol.
666 3163 723 3216 761.
747 3165 829 3217 autor
845 3163 877 3218 ds
893 3163 944 3216 trde
962 3163 994 3216 ad
1005 3161 1111 3217 Petrum
1122 3164 1265 3218 Diaconum

98 3247 158 3300 cap.
169 3229 237 3284 XLI.
256 3231 400 3286 Concilium
412 3231 570 3286 Bracarense
580 3233 599 3286 1.
612 3248 668 3302 cap.
678 3231 748 3286 XIV.
765 3232 796 3285 se·
812 3237 866 3300 quis
882 3235 1021 3285 immundos
1032 3242 1111 3301 putat
1126 3235 1194 3286 cibos
1206 3253 1264 3286 car·

98 3305 176 3362 nium,
188 3317 248 3369 quos
259 3302 321 3353 deus
331 3305 358 3352 in
370 3319 440 3352 usum
451 3299 575 3352 learninum
588 3303 670 3362 dedra·
686 3311 710 3352 et
725 3320 773 3354 non
785 3309 893 3370 propter
911 3301 1074 3369 afflictionem
1090 3307 1131 3352 eui
1142 3307 1264 3371 corporis,

97 3371 146 3420 sed
156 3372 231 3436 quasi
241 3371 425 3421 imnrunditiam
432 3378 536 3438 putans,
554 3373 592 3420 ita
605 3370 733 3420 adcurrunt
744 3369 776 3421 ab
789 3373 833 3432 eis,
845 3377 874 3422 ut
884 3385 929 3420 nec
941 3369 1012 3422 olera
1025 3379 1098 3422 cocta
1111 3388 1166 3421 cum
1178 3375 1265 3424 carni·

99 3437 146 3488 aas
175 3445 311 3504 raequrtet,
323 3441 389 3488 ment
400 3437 569 3490 Manichacus
581 3448 605 3489 et
616 3435 799 3488 Priscillianus
811 3438 954 3499 docuerunt,
968 3435 1106 3490 anathema
1117 3441 1157 3490 rit.

152 3455 214 3574 gap.
226 3501 341 3560 LXVIII.
355 3534 388 3544 -
405 3504 528 3558 Sacratae
540 3505 684 3586 rirgInitati
695 3505 799 3575 nuptias
816 3505 971 3572 coaequare]
994 3504 1143 3558 lorinIanus
1156 3503 1264 3560 haereti·

97 3588 156 3636 aas,
168 3571 298 3626 Sarmatic
310 3581 337 3626 et
348 3571 522 3626 Barbatianue
534 3573 667 3642 nandoqui
678 3569 808 3638 homines,
825 3573 977 3625 asserebant
988 3577 1112 3640 viraines,
1125 3577 1229 3639 tridens,
1241 3586 1266 3628 et

96 3645 246 3705 maritatas,
258 3659 322 3710 puae
333 3643 408 3694 renel
418 3645 445 3693 in
458 3641 557 3694 Cirrata
570 3644 739 3704 latescerent,
757 3646 781 3693 si
799 3659 847 3692 nore
862 3643 1042 3709 discreparent
1057 3646 1166 3694 caeteris
1183 3647 1264 3712 operi·

98 3711 153 3772 Irus,
166 3711 273 3762 eiusdem
287 3713 440 3776 cesennia,
453 3712 594 3779 nudamque
606 3726 658 3763 esee
675 3711 824 3762 distantiam
835 3713 902 3762 inter
914 3709 1065 3762 abstinentes
1081 3720 1106 3762 et
1115 3712 1265 3779 simpliciter

97 3775 1265 3916 ltili.intimidius?tillidi·..terlitiitiilttlttltit

96 3913 144 3968 lib.
154 3913 197 3966 III.
210 3929 266 4036 cap.
279 3913 333 3968 VII.
357 3913 454 3968 conus
471 3913 535 3968 duas
553 3915 675 3984 epistolas
693 3913 824 3984 Pelagium
842 3921 904 3966 tom.
915 3913 969 3968 VII.
987 3931 1044 4039 cap.
1054 3913 1085 3968 11.
1111 3915 1263 3968 Ambrosius

98 3981 175 4052 epist.
184 3981 238 4035 XX
264 3982 326 4036 .Iol.
336 3981 392 4038 238.
410 3983 560 4051 Hieronym.
574 3981 606 4035 ad
618 3981 763 4036 celantiam
780 3983 854 4052 epist.
866 3981 936 4038 XIV.
950 3997 1005 4052 cap.
1040 3981 1082 4036 lII.
1100 3985 1264 4053 Apostolicae

99 4053 233 4104 doctrinae
244 4053 335 4119 requio
347 4070 392 4104 nec
405 4070 460 4102 cum
473 4051 607 4104 luciniano
617 4061 711 4118 aequat
722 4055 891 4103 continentiae
900 4069 979 4120 opera
989 4070 1020 4104 nu
1041 4057 1142 4115 tiaram,
1156 4071 1200 4104 nec
1209 4069 1265 4104 cum

97 4117 255 4172 Maniolaeo
268 4122 551 4188 coniuyiacandemnnt.
568 4071 1141 4200 VideSulpitiumSeverumdialogidesita
1151 4120 1264 4174 Martini.

151 4184 214 4256 Cap.
226 4186 322 4240 LXIX.
335 4217 368 4226 -
386 4187 490 4258 Integra
506 4187 556 4240 lide
573 4185 730 4240 credendum
746 4192 799 4250 est,
815 4187 919 4240 beatam
932 4187 1041 4240 Mausos
1058 4188 1186 4258 virginem
1203 4205 1264 4242 con·

98 4255 209 4325 cepisse,
222 4262 319 4326 etpost
330 4261 433 4326 partum
445 4256 572 4326 virginem
580 4256 719 4322 mansues]
735 4253 878 4374 Expugnat
887 4255 1126 4325 argumentationes
1134 4256 1264 4312 Antidico·

97 4323 258 4390 mnarum,
272 4323 464 4391 Claudinorum,
477 4331 503 4378 st
513 4323 624 4378 Helvidii
635 4321 766 4388 haeretici,
795 4323 899 4376 icontie:
911 4325 938 4376 δ.
949 4324 1064 4376 Mariam
1075 4329 1199 4394 nirqinem
1206 4336 1266 4394 pact

98 4397 258 4445 nativitatem
269 4393 409 4446 saluatoris
421 4411 451 4446 er
463 4398 586 4446 consortio
599 4393 656 4446 Iure
674 4393 778 4461 lifilios
788 4395 939 4460 suscepisse,
952 4396 1101 4462 puifratrer
1112 4394 1207 4448 donnini
1218 4413 1234 4447 α

93 4463 191 4532 pullati
200 4470 265 4516 sunt.
282 4461 379 4516 Hieron
426 4500 432 4515 .
445 4467 507 4516 tom.
517 4460 548 4515 IL
559 4461 604 4515 iol.
617 4413 674 4514 Ill).
685 4467 711 4512 et
723 4475 777 4584 sepi.
789 4458 973 4514 Bonarsnturs
988 4466 1101 4516 sentent.
1118 4461 1163 4515 lib.
1172 4461 1215 4516 IV.
1228 4412 1264 4514 dl:

98 4529 362 4586 stinctXXXnum.
389 4527 748 4588 demeantes-tristitia
776 4525 1264 4670 elvidialipiphanipplpasuhXXVIIL
