3100 4980
267 267 328 336 362
595 303 597 312 ‹

267 419 300 474 sd
311 419 458 474 hiarium
468 419 599 474 Medicum
611 436 625 472 e
643 419 686 476 ist.
698 420 790 474 LXVI.
808 419 968 492 Sophronias
980 421 1012 478 de
1024 422 1202 492 assumptione
1213 421 1242 476 S.
1251 421 1354 476 Haase
1428 421 1449 474 d

266 489 415 558 hieronym.
427 494 489 542 tom.
502 489 548 542 IX.
560 489 605 542 iol.
634 490 658 542 9.
680 489 770 542 Petrus
783 490 913 544 Diaconos
930 489 961 542 de
979 491 1103 544 incarnat.
1116 489 1214 544 domiai
1226 507 1281 570 cap.
1291 491 1321 542 V.
1345 489 1392 542 aa

268 575 316 612 uus
328 558 435 611 Maurus
448 558 478 610 de
491 559 601 616 institut.
614 559 765 612 clericorum
782 559 826 610 lib.
836 558 867 612 ll.
880 575 935 628 cap.
945 559 1045 613 XXXI.
1070 557 1184 612 Thomas
1195 562 1311 628 Aquruss
1324 567 1400 629 part.
1416 557 1446 612 3.

268 627 411 697 quaestion.
420 625 463 680 IV.
475 627 584 680 srtioulo
594 625 617 678 2.
630 633 656 678 et
667 643 722 696 seq.

317 695 400 748 Homo
412 696 439 748 iu
452 695 529 748 deum
540 695 672 762 transivit]
689 695 760 748 Dure
770 696 881 758 locutio,
900 701 928 748 at
945 701 971 748 et
987 697 1032 748 ills
1047 696 1187 763 Augustini
1205 696 1237 747 ed
1255 695 1445 748 Volusianum

268 769 329 817 tour.
341 763 365 817 2.
378 780 392 816 e
410 764 452 816 ist.
464 761 488 816 3.
500 763 545 816 iol.
557 763 581 818 t.
595 763 664 815 Deus
675 763 770 816 domiai
779 772 919 832 permistus
931 773 979 826 est,
996 770 1022 816 et
1034 763 1185 839 Tertulliani
1202 765 1300 818 advers.
1318 765 1445 816 Marcio·

267 849 326 954 xgm
339 833 383 884 lib.
393 781 425 886 Il
435 848 494 954 pap.
506 831 615 886 XXVII.
633 831 716 882 Filius
734 833 832 884 arbiter
844 837 933 902 patris
950 842 974 884 st
990 837 1114 894 saturatas,
1131 837 1237 884 miscam
1252 836 1280 884 s'a
1296 837 1443 902 semp„

301 905 425 952 miaemet
453 917 514 952 eura.

317 967 376 1022 Nau
387 975 496 1022 naturae
507 968 674 1021 versibilitate
687 969 755 1022 siout
766 969 965 1050 Apohiasristae
978 969 1078 1036 dicunt]
1097 969 1295 1040 Apollinaristae
1307 967 1443 1022 dicebaut

267 1035 343 1108 λόγον
355 1037 463 1090 verbum
475 1053 521 1108 per
530 1038 773 1090 transmutationem
785 1055 811 1091 rn
823 1055 929 1090 earnem
941 1054 1102 1091 conversum.
1132 1036 1281 1090 Theodorus
1294 1037 1442 1106 presbyter

176 1101 182 1119 ⁸
267 1107 298 1160 de
315 1107 441 1159 incarnat.
459 1105 564 1162 domini.
581 1105 693 1176 Vigilius
712 1107 780 1160 Mart
812 1105 982 1160 .lib.1.0t2.
999 1113 1090 1160 eontra
1101 1104 1243 1175 Eutychen.
1268 1104 1441 1176 Epiphanius

267 1179 381 1236 aucoret.
394 1175 439 1228 iol.
450 1173 508 1226 386.
526 1173 702 1226 Damascenas
712 1173 772 1228 defi
791 1191 805 1228 e
818 1173 953 1227 orthodox.
965 1175 1009 1228 lib.
1019 1173 1043 1229 3.
1053 1191 1109 1244 cop.
1121 1173 1145 1228 3.
1165 1172 1321 1226 Athanasius
1333 1179 1402 1226 torn.
1417 1173 1439 1226 L

266 1243 310 1298 tol.
323 1242 381 1295 479.
395 1249 420 1296 et
432 1241 489 1306 249.
508 1241 618 1312 Oyrillus
631 1243 822 1296 Alexandrinus
834 1249 896 1296 tom.
909 1243 951 1298 IV.
965 1243 1040 1312 epist.
1053 1243 1085 1295 ad
1097 1241 1244 1295 Nestorium
1257 1242 1301 1294 Iol.
1313 1241 1355 1294 ⁸29.
1386 1241 1439 1296 Ni·

268 1310 393 1382 sephorae
406 1310 528 1363 Callistus
541 1311 681 1364 ecclesiast.
693 1309 783 1364 histor.
796 1311 840 1365 lib.
853 1311 891 1363 ia.
901 1327 956 1381 cap.
966 1313 990 1362 4.

318 1378 352 1432 Ut
369 1396 415 1432 nec
434 1377 497 1431 deus
513 1385 656 1432 mutaretur
672 1380 698 1431 in
711 1378 853 1432 humanam
865 1381 1049 1446 substantiam]
1068 1379 1221 1448 Fulgentius
1234 1379 1265 1430 ad
1278 1377 1438 1432 Trasimurr·

269 1449 329 1502 dum
341 1463 431 1518 regem
443 1447 561 1501 Wandal.
574 1448 617 1502 lib.
628 1447 652 1502 3.
663 1447 758 1502 solas.
777 1449 818 1499 Ab
831 1451 885 1516 ipso
898 1451 1070 1517 conceptionis
1082 1449 1219 1516 es'ryr'nalls
1237 1448 1339 1499 erordr'o
1351 1451 1392 1498 ss'c
1408 1451 1439 1498 ἐν

270 1517 369 1570 Cle-rista
377 1517 523 1585 personalis
535 1520 620 1568 lenitas
632 1521 731 1578 nrarssr't,
744 1525 769 1568 et
778 1519 816 1568 sic
829 1521 956 1588 utriusque
969 1527 1078 1568 naturae
1090 1520 1222 1584 ineory'usa
1233 1519 1328 1568 ceritas
1332 1517 1438 1584 perdu-

269 1588 349 1648 rasit,
366 1593 393 1635 ut
405 1603 449 1636 nec
462 1584 532 1636 horno
545 1604 561 1636 a
575 1586 620 1636 dee
633 1587 733 1646 dis-elli,
752 1603 795 1636 nce
809 1586 869 1638 deus
881 1605 897 1637 a
910 1595 1023 1654 suscepto
1035 1585 1132 1635 herniae
1141 1588 1222 1652 possit
1232 1587 1366 1652 separari,
1385 1603 1438 1635 nea

269 1663 351 1706 tamen
364 1655 424 1705 deus
436 1653 557 1705 homiaem
571 1663 735 1714 consumeret,
754 1672 798 1704 aec
817 1653 887 1706 homo
906 1655 977 1706 deum
990 1658 1016 1704 ἐν
1030 1655 1114 1721 alr'quo
1144 1660 1288 1704 armataret.
1305 1650 1339 1704 itt
1350 1653 1436 1722 paula

268 1727 338 1792 post:
350 1721 394 1774 δίο
406 1739 481 1773 uerus
493 1723 553 1772 dass
564 1739 648 1772 aerum
660 1725 770 1790 suscepit
780 1721 909 1786 horminum,
927 1731 956 1772 ut
965 1726 992 1772 in
1004 1725 1111 1773 veritate
1123 1671 1248 1772 {amanus
1264 1724 1438 1789 susceptionis

269 1794 399 1842 veritatem
413 1808 459 1841 non
472 1792 598 1842 amitteret
609 1791 720 1844 deitatis.
751 1789 786 1841 Er
800 1793 839 1840 sic
856 1792 977 1857 dipaatas
994 1791 1098 1858 estfiers‘
1109 1791 1174 1858 quod
1185 1797 1243 1840 aute
1256 1807 1302 1840 stoa
1314 1796 1387 1850 erat,
1407 1797 1439 1840 ut

269 1877 316 1911 reon
329 1861 459 1910 desisteret
470 1875 523 1910 esse
535 1859 600 1927 puori
610 1876 707 1926 semper·
719 1867 783 1912 erat.
801 1857 846 1909 Sic
859 1863 935 1910 etiam
947 1859 1025 1910 saluit
1035 1877 1109 1910 unam
1120 1875 1174 1908 cum
1187 1857 1284 1908 homine
1292 1873 1437 1924 personans

269 1927 329 1980 deas
341 1927 447 1988 latera·
462 1934 485 1980 et
496 1927 555 1977 lieet
567 1945 613 1977 raon
627 1928 694 1978 allus
707 1936 770 1977 esset
782 1925 897 1978 Christus
910 1929 982 1989 ulcus,
1002 1935 1026 1977 et
1042 1927 1109 1978 atera
1122 1925 1237 1976 Christus
1254 1925 1339 1987 boram·
1358 1943 1438 1977 uranus

269 2003 352 2048 tamen
364 1997 424 2048 aleus
432 2004 596 2064 permaneret
606 1998 633 2046 in
645 1995 749 2056 homine,
762 2003 786 2045 et
796 2013 870 2046 aeras
882 1995 952 2055 homo
960 2003 1124 2064 per-narneret
1141 1995 1240 2044 indeo:
1257 2001 1286 2044 at
1302 2010 1331 2044 ue
1349 1997 1387 2044 r'ta
1407 1997 1438 2044 ia

268 2083 316 2117 uno
330 2062 428 2116 Chresto
441 2063 545 2114 <trainae
556 2063 728 2132 humanaeque
741 2072 849 2115 necturae
867 2073 930 2116 esset
939 2067 1072 2131 inconfusa
1109 2067 1191 2114 rariter
1207 2071 1231 2113 et
1246 2011 1360 2113 trajanae
1372 2079 1437 2130 per·

262 2135 352 2202 sectio.
364 2131 422 2184 Vid.
432 2131 571 2212 Angustia.
584 2131 747 2201 deTempore
757 2147 834 2186 serm.
845 2131 966 2184 XXVIII.
976 2131 1078 2184 Hormis
1098 2129 1167 2182 aPP.
1181 2130 1207 2182 in
1220 2129 1327 2181 decretis
1340 2145 1400 2200 cap.
1409 2127 1436 2184 3.

319 2198 377 2252 Νοιι
390 2216 423 2252 ex
437 2199 483 2251 viri
496 2199 572 2262 coitu,
584 2205 614 2251 ut
625 2199 707 2252 Ebion
721 2199 792 2266 dicit]
811 2199 947 2252 Ebiorn'tae
964 2198 1094 2252 Christum
1110 2199 1196 2250 solum
1213 2197 1344 2250 hominem
1356 2203 1437 2266 puta·

269 2269 340 2333 bant,
353 2274 378 2320 et
390 2268 522 2320 communi
534 2269 613 2320 etiam
625 2269 757 2320 nativitate
771 2285 804 2320 ex
816 2269 871 2322 viro
885 2273 910 2320 et
922 2267 1021 2320 lemine
1033 2275 1203 2337 procreatum.
1230 2266 1359 2318 Eusebius
1369 2267 1437 2320 ecel.

269 2335 357 2390 histor.
369 2337 413 2390 lib.
423 2335 466 2389 III.
477 2352 533 2406 cap.
544 2335 585 2387 tt.
603 2335 755 2390 Theodoret.
772 2336 815 2388 lib.
825 2335 857 2390 II.
875 2336 984 2389 fabular.
1002 2335 1098 2388 haeret.
1116 2335 1142 2387 ia
1160 2335 1271 2418 epitome
1284 2333 1437 2388 divinorum

270 2405 362 2458 decret.
380 2405 424 2459 Iol.
439 2403 497 2456 402.
519 2403 672 2456 Philostriue
691 2403 789 2458 haeres.
803 2403 844 2456 37.
868 2403 1028 2484 Epiphanius
1045 2402 1143 2456 haeres.
1159 2403 1249 2457 XXX.
1274 2401 1301 2454 S.
1312 2402 1436 2472 Ignatius

270 2475 343 2546 epist.
356 2473 402 2526 IX.
416 2471 541 2542 Origenes
552 2473 582 2525 in
594 2472 690 2525 Lucam
703 2489 759 2543 cap.
771 2472 817 2524 XI.
830 2471 918 2525 homil.
931 2472 1012 2528 XVII.

321 2541 432 2594 Carnem
444 2558 477 2593 ex
490 2557 596 2610 corpore
608 2541 716 2610 virginis
728 2539 844 2608 trahens]
863 2541 920 2595 Vid.
933 2541 1005 2593 Beda
1016 2541 1043 2594 in
1055 2539 1108 2592 Iob.
1122 2555 1178 2620 sap.
1188 2537 1229 2592 26.

322 2609 431 2664 Carnem
442 2627 496 2662 non
514 2609 544 2661 de
565 2610 637 2662 caelo
650 2626 738 2661 secum
751 2609 874 2674 afferens,
893 2610 1103 2670 sicutlldarciou,
1121 2607 1246 2677 Origenes
1264 2613 1290 2660 et
1300 2605 1435 2676 Eutyches

270 2679 413 2738 affirmant]
430 2677 560 2742 Marcion,
572 2677 715 2747 Eutyches,
729 2678 867 2747 Origenes,
881 2678 1038 2747 Apollinaris
1051 2683 1076 2729 et
1087 2677 1254 2740 Valentinus,
1272 2677 1300 2729 ia
1312 2693 1373 2729 eum
1385 2677 1435 2728 im·

269 2747 373 2820 pietatis
385 2747 500 2820 prolapsi
512 2752 573 2799 suut
585 2761 704 2811 errorem,
716 2751 746 2798 ut
756 2763 809 2798 neu
822 2747 906 2800 solum
919 2747 990 2798 uerbi
1003 2752 1029 2798 et
1040 2745 1125 2798 cauis
1138 2759 1218 2798 unam
1231 2745 1364 2797 crederent
1375 2761 1436 2796 esse

270 2823 403 2880 naturam,
421 2831 511 2867 rerum
528 2815 608 2866 etiam
624 2813 719 2868 Ohristi
736 2831 841 2866 caruem
858 2832 911 2867 noa
928 2815 959 2866 de
977 2821 1082 2866 sanctae
1094 2813 1202 2882 virginis
1215 2813 1313 2865 Mariae
1325 2827 1437 2894 corpere
1545 2819 1546 2848 ἓ

271 2891 441 2954 ussunrptam,
452 2881 498 2936 sed
510 2881 541 2935 de
553 2883 625 2936 caelo
637 2885 664 2936 iu
677 2884 715 2935 vir
736 2883 804 2936 'nem
816 2881 979 2936 descendisse
991 2883 1070 2952 Impia
1084 2899 1127 2935 ore
1139 2887 1291 2934 assererent.
1320 2881 1435 2951 Vigrhus

270 2954 370 3022 Martpr
377 2953 421 3005 lib.
431 2951 455 3004 3.
465 2957 554 3004 contra
562 2950 704 3020 Eutychen.
743 2949 878 3032 heophilus
891 2951 1080 3003 Alexandrinus
1091 2951 1145 3002 iae
1165 2951 1206 3003 ist.
1216 2949 1434 3002 Paschalilomd.
1545 2949 1546 2960 ¹

271 3019 418 3075 bibliothec.
429 3025 532 3090 petrum
544 3020 588 3072 iol.
601 3019 658 3072 371.
676 3017 833 3072 Athanasius
847 3020 878 3071 de
890 3017 987 3074 haeres.
1000 3019 1045 3072 iol.
1059 3018 1117 3070 852.
1157 3017 1286 3070 heodorus
1316 3018 1435 3086 reshyter

272 3091 303 3143 de
314 3091 440 3142 incarnat.
458 3087 563 3141 Domini
574 3103 636 3168 pag.
649 3087 705 3140 235.
718 3086 788 3140 Theo
809 3086 903 3156 hylect.
915 3088 1021 3157 Balgar.
1040 3088 1067 3140 in
1082 3085 1171 3138 Iohsn.
1184 3103 1239 3156 cap.
1249 3085 1274 3140 3.
1293 3033 1389 3139 gadas
1407 3087 1435 3140 la

272 3155 393 3227 Εὐτνχὴς.
410 3155 531 3208 Sedalius
544 3157 572 3208 iu
584 3162 657 3226 eprst
667 3155 741 3208 Pauli
753 3156 785 3208 ad
821 3173 929 3209 ouranos
942 3173 997 3226 cap.
1007 3155 1026 3209 I.
1047 3155 1197 3208 Geurradius
1207 3155 1306 3208 blaesil.
1326 3155 1435 3224 preshy-

270 3233 310 3279 ter
325 3227 352 3280 in
372 3225 454 3276 Leonte
471 3225 593 3294 episeopo
611 3225 736 3277 Romano.
748 3225 898 3278 Tertullian.
915 3225 1111 3294 praescriptian.
1131 3223 1254 3276 adversus
1267 3221 1364 3276 haeret.
1377 3239 1408 3276 ca
1428 3265 1435 3276 .

271 3294 366 3350 XLIX.
385 3292 496 3362 Oyrillue
509 3293 679 3361 Hierosolym.
697 3292 818 3362 sarapta.
832 3291 863 3344 δ’.
881 3292 1053 3412 {pantapthen
1070 3289 1094 3396 ip
1122 3309 1130 3320 ⁴
1148 3291 1287 3420 οοέολόὶἒοιςς
1305 3308 1331 3362 p.
1341 3291 1384 3376 17.
1396 3240 1436 3342 οἳ.

897 3379 920 3411 ia
937 3377 967 3411 τα
997 3377 1104 3411 &MO'M
1190 3379 1202 3410 V
1260 3377 1373 3412 ultumam
1392 3377 1436 3411 12·

272 3430 357 3498 τῆλθεν
370 3428 408 3482 aa
420 3433 462 3496 τῆς
475 3433 526 3498 γῆς,
539 3427 581 3496 τὴν
610 3429 731 3499 peruncti
745 3429 833 3494 ταύτην
845 3427 904 3498 ἡμῖν
917 3379 1250 3497 ἀναὶαβὲονάνθὲωνξότητα,
1262 3413 1302 3480 sai
1314 3427 1436 3498 γεννηθεὶς

271 3499 296 3562 ἐξ
308 3498 378 3570 ἁγίοις
391 3497 510 3568 παρθένον
528 3497 568 3548 sai
585 3496 655 3566 ἁγίου
668 3497 816 3566 πνεύματος,
833 3495 862 3548 οὐ
875 3497 973 3562 δοκήσει
990 3495 1160 3566 aulaumaiu
1174 3501 1216 3562 τῆς
1227 3495 1435 3566 ἐνονθρωπήσεως

271 3567 425 3638 γειναμένης,
444 3562 508 3618 ἀλλὰ
525 3571 554 3634 τῇ
571 3565 683 3636 ἀληθείᾳ,
701 3565 754 3617 οὐδ’
767 3565 850 3634 ὥσπερ
864 3564 903 3616 διὰ
920 3563 1030 3630 οωλῆνος
1044 3549 1146 3616 διελθὼν
1158 3569 1200 3630 τῆς
1214 3563 1336 3634 παρθένου
1371 3561 1436 3616 ὒλὰ

272 3635 406 3706 aapsoshele
424 3632 448 3695 lt
465 3633 538 3700 αὐτῆς
551 3631 648 3699 ἀληθῶς
682 3631 768 3704 φαγὼν
781 3631 814 3693 ὡς
826 3631 895 3702 ἡμᾶς
907 3631 1017 3698 ἀληθῶς,
1036 3633 1077 3684 sal
1089 3632 1151 3684 πιὼν
1164 3631 1197 3692 ὡς
1209 3631 1277 3702 ἡμεῖς
1290 3605 1398 3698 ἂληόῶο
1416 3629 1437 3684 ti

272 3703 319 3775 γὰρ
333 3701 463 3773 φάντασμα
478 3695 508 3768 ἦν
524 3702 540 3768 ἡ
557 3675 744 3771 ἐνανθροζπηοις,
763 3699 893 3771 φάντασμα
906 3701 945 3752 sal
961 3699 1105 3772 ἡσωιηρίο.
1126 3701 1206 3754 Crede
1217 3703 1284 3771 quod
1294 3701 1338 3752 hs'c
1349 3707 1435 3770 usipe-

272 3379 340 3415 οτενε
356 3360 394 3413 ὅτι
411 3355 482 3421 οὗτος
500 3359 512 3412 ὁ
530 3359 661 3482 μονοῖενὴς
679 3359 729 3420 aloe
747 3365 791 3412 τοῦ
808 3361 863 3412 θεοῦ

272 3773 418 3840 nitusfilius
428 3774 472 3824 dei
479 3781 586 3840 propter
594 3780 706 3840 peccata
718 3780 804 3822 nostra
818 3773 848 3822 de
860 3771 931 3824 caelo
944 3773 1074 3822 descendit
1088 3773 1114 3821 r'n
1132 3779 1239 3838 terram,
1257 3778 1283 3820 et
1298 3771 1436 3822 aarum·
1545 3785 1546 3810 t

272 3845 434 3912 affectionum
452 3857 507 3891 cum
524 3839 594 3891 aebr's
610 3841 748 3908 assumpsit
763 3838 955 3900 humumtatern,
973 3847 997 3889 et
1012 3847 1087 3890 natus
1103 3847 1142 3890 est
1156 3855 1187 3890 er
1198 3839 1289 3890 Maria
1300 3841 1403 3906 adraim
1413 3847 1438 3890 st

272 3913 366 3980 spiritu
377 3917 473 3961 saneta.
493 3907 552 3959 Non
563 3912 687 3976 opr'as'one,
700 3925 748 3958 aron
755 3907 899 3976 phantasia
912 3907 1092 3958 hannanitatem
1101 3910 1243 3975 assumpsit,
1256 3923 1304 3957 non
1312 3917 1435 3976 tanquan

269 3997 318 4048 per
331 3979 448 4029 canalem
460 3980 587 4028 transiens
596 3993 645 4044 per
656 3979 792 4043 seminem,
809 3975 855 4026 sed
870 3991 928 4025 cero
945 3979 1098 4027 trraaraams
1114 3991 1143 4025 ea
1155 3979 1228 4044 Ipsa:
1245 3975 1313 4026 laets
1326 3979 1436 4028 maan
1545 3971 1546 3980 ’

272 4063 339 4108 acre,
351 4063 456 4116 aereque
468 4047 598 4097 comedens
608 4048 674 4096 sicat
686 4054 710 4096 et
719 4063 769 4095 noa
786 4043 816 4096 a·
824 4047 888 4096 ertias
894 4043 1051 4131 phantasma
1062 4053 1119 4122 erat
1127 4045 1175 4094 r'tla
1184 4045 1341 4121 incertioris,
1349 4042 1435 4112 phas·

273 4125 357 4168 tauma
369 4125 393 4166 et
403 4113 481 4167 salus.
499 4112 581 4165 Docte
593 4112 711 4181 Ignatius
722 4113 795 4182 epist.
805 4111 829 4162 2.
839 4111 871 4164 sd
881 4111 1034 4164 Irallianos.
1044 4117 1070 4163 et
1079 4116 1154 4180 eprst
1163 4111 1194 4164 V.
1205 4111 1236 4162 sd
1246 4109 1312 4164 Philr
1331 4127 1434 4180 penses.

325 4181 362 4236 Ne
381 4198 413 4234 ue
425 4182 452 4262 iu
464 4179 602 4302 phgntaplip
613 4181 679 4302 sicuct
691 4180 956 4300 thlenpinMupnaslperit]
975 4179 1143 4302 Vss¹⁰¹iff¹¹=⁰⁵’
1159 4177 1210 4232 sur
1223 4179 1303 4300 ‘ohpa
1313 4127 1436 4298 §stuprati

273 4267 357 4372 girvum
369 4265 513 4381 dericrllglrlrnn
523 4265 707 4388 ῗὶιροξξοιιοῒνξ
718 4265 831 4370 lietzinis
843 4263 1069 4396 algaffrillistla'anzinve
1076 4263 1200 4368 21:33}ae
1205 4355 1213 4382 ,
1221 4263 1349 4370 rgdapecpa
1359 4263 1434 4386 {Otila-

274 4387 326 4438 tiso
336 4386 450 4466 quodam
459 4393 485 4438 et
493 4387 689 4438 conversatione
697 4386 842 4438 simulasse.
862 4384 1126 4438 Vincenthrrrnensis
1136 4383 1332 4448 aanaahseres.
1342 4401 1364 4436 ο.
1371 4383 1434 4450 XX.

275 4452 305 4503 V'
328 4453 387 4504 'rus
396 4453 495 4520 Martyr
504 4453 547 4504 lib.
557 4452 677 4506 Icontra
685 4451 826 4520 Eutychen.
835 4451 984 4506 Gennadius
993 4453 1093 4506 Maseli.
1116 4448 1433 4521 resbyterderirisillust.

275 4518 303 4572 iu
333 4519 453 4572 &hathra
465 4520 594 4592 episcopa.
611 4520 785 4574 Tenullisuus
798 4521 829 4574 de
841 4520 929 4574 aalma
939 4535 996 4590 esp.
1008 4519 1090 4574 xva.
1099 4469 1296 4588 Iraaaiptton.
1307 4519 1433 4574 adversus
