3112 4986
281 271 342 340 les
788 271 938 318 'mm

279 431 315 496 in
339 427 445 494 Natali
470 429 634 496 sdratcris
660 429 780 496 domini
800 431 1005 498 ieiunandum
1027 437 1090 515 ⁹st,
1115 431 1231 498 deinde
1251 435 1285 500 in
1306 433 1460 500 Paschae
1544 447 1545 484 ι

281 529 539 614 Quadmgesima,
558 537 652 618 atque
673 536 706 598 in
721 535 916 600 Asconsione
930 534 1041 600 itidem
1056 538 1089 600 in
1103 537 1225 602 caelum
1240 543 1313 621 post
1326 536 1461 602 Pascha

281 635 331 701 die
359 635 611 719 quadragesimo,
641 636 715 700 inde
745 657 844 721 usque
877 637 917 702 ad
946 639 1155 704 Pentecosten
1185 639 1296 704 diebus
1327 639 1459 706 decem.
1544 631 1545 638 '

279 739 316 805 Id
336 738 419 823 qnod
439 745 548 824 postea
568 741 710 804 lecerunt
729 740 813 806 beati
827 741 960 826 apostoli
974 747 1046 827 post
1067 745 1299 824 ascensionem,
1319 745 1460 808 ieiuniis

281 848 313 906 et
338 841 531 906 orationibus
557 843 775 924 insistentem,
801 849 836 907 nt
856 847 1008 930 scriptum
1028 852 1092 926 est,
1112 845 1196 928 quod
1217 849 1396 910 meruerint
1421 849 1459 911 in

279 945 466 1011 Pentecoste
488 945 718 1030 plenitudinem
741 945 840 1012 divini
867 950 995 1032 spiritus
1021 955 1054 1012 et
1078 947 1303 1032 perfectionem
1332 969 1458 1014 conse·

280 1050 333 1132 qui
362 1049 543 1133 potestatis,
577 1054 612 1112 nt
639 1051 820 1131 irrigatione
846 1049 945 1114 divini
971 1052 1100 1136 spiritns
1125 1051 1271 1114 affluente
1299 1053 1367 1116 iam
1398 1073 1456 1116 ar·

279 1153 341 1216 mis
356 1151 503 1215 instructi
522 1149 709 1215 caelestibus
731 1155 816 1218 omni
837 1151 1032 1218 dubitatione
1056 1156 1208 1238 seposita,
1229 1155 1263 1216 in
1278 1173 1342 1236 qna
1356 1159 1458 1218 eraut

168 1333 176 1342 ἱ
279 1259 391 1332 anto⁰,
411 1259 485 1337 post
503 1259 609 1318 autem
628 1253 771 1319 doctores
792 1257 901 1319 invicti
917 1263 949 1320 et
962 1255 1089 1339 gloriosi
1103 1263 1257 1340 martyres
1272 1258 1375 1341 ipsius
1391 1257 1455 1320 do·

277 1357 357 1420 mini
372 1356 440 1418 lieri
454 1355 592 1438 quotidie
607 1357 825 1441 properabant,
841 1357 973 1424 ludaeos
988 1366 1020 1423 et
1034 1377 1171 1444 paganos
1183 1357 1363 1439 edocentes,
1378 1361 1452 1422 eis·

280 1477 339 1541 que
355 1457 393 1520 de
409 1457 476 1540 lege
488 1464 520 1520 ct
529 1458 691 1543 prophetis
703 1460 862 1526 Christum
873 1461 988 1544 ubique
1000 1461 1161 1526 dominum
1174 1482 1246 1526 curn
1256 1467 1345 1546 patro
1357 1481 1454 1528 sem·

277 1562 437 1646 piternnm
450 1561 674 1646 prophetarum
685 1565 873 1627 testimoniis
887 1564 1137 1648 comprobantes,
1151 1566 1281 1648 eiusque
1292 1584 1451 1648 praesen·

278 1665 357 1728 tiam
372 1663 529 1728 carnalem
544 1665 782 1730 saluberrimam
796 1668 865 1731 orbi
879 1673 1034 1730 terrerum
1049 1669 1283 1732 annuntiantes.
1305 1667 1370 1730 Alii
1388 1687 1451 1730 an·

279 1775 344 1832 tem
365 1773 478 1854 putant
499 1768 674 1834 secundum
695 1769 847 1854 4(ιιιιιιιοι
868 1775 1010 1854 tempora
1030 1772 1126 1834 anni?
1148 1772 1299 1854 cuiusque
1328 1769 1454 1834 dixisse

346 1919 371 1974 l.
384 1925 495 1991 quatuor
508 1922 569 1974 anni
581 1923 707 1992 cuiusque
724 1906 822 1975 ieiunia
833 1921 930 1975 dixisse
943 1921 965 1974 d.

314 2075 339 2129 k.
357 2077 462 2130 tertium
484 2077 679 2160 inEpiphania]
710 2078 839 2142 Quoniam
889 2079 923 2131 ad
935 2077 1047 2160 Gonstit
1056 2079 1145 2158 Apost
1157 2077 1187 2131 V.
1201 2077 1240 2158 ‚¹3⁸
1243 2075 1349 2198 Ipilli.
1373 2074 1453 2140 Quod

279 2151 340 2267 post
356 2145 537 2216 antepaschalo
550 2163 675 2200 rerunrum
688 2147 766 2200 hocce
778 2153 839 2200 ante
889 2164 950 2200 vero
969 2163 1094 2200 tammum
1115 2146 1184 2200 istud
1200 2162 1227 2198 rn

1283 2144 1403 2206 thanis,
1423 2153 1455 2198 nt

301 2218 449 2266 entooosten
467 2221 656 2292 pommemorat
676 2215 838 2281 Philostrius,
890 2214 1098 2279 aithilastrius,
1115 2213 1165 2267 hcc
1182 2219 1222 2266 est
1236 2162 1453 2276 inptlbcensione,

280 2282 570 2352 atqueinirailludipse
580 2301 613 2336 ex
633 2284 839 2338 licatdeieiunio
890 2301 971 2336 uuum
987 2284 1066 2336 fuerit
1083 2301 1117 2335 ex
1133 2287 1243 2352 quatuor
1259 2282 1362 2334 ieiuniis
1400 2297 1453 2334 uae

279 2349 460 2415 Ascenslonls,
483 2351 594 2420 ideoque
644 2351 767 2422 piphania
789 2352 837 2405 boc
889 2357 951 2404 tunc
971 2353 999 2405 in
1019 2353 1129 2404 ecclesia
1148 2350 1358 2413 celebrabantur,
1380 2350 1452 2403 iem

280 2419 338 2472 loco
349 2435 396 2488 pro
408 2420 567 2472 Asconsiona
579 2421 612 2472 ab
625 2437 655 2473 eo
667 2421 731 2490 poni
742 2426 783 2472 ost
793 2439 837 2473 no·
887 2419 1040 2472 Philastrius
1070 2421 1144 2473 testis
1172 2425 1212 2471 est
1239 2419 1303 2471 satis
1329 2417 1452 2482 idoneus,

280 2500 361 2540 cesse.
396 2487 435 2539 De
458 2488 554 2540 ieiunio
578 2489 633 2542 sire
656 2489 837 2558 rogationibus
888 2489 1007 2558 quamvis
1025 2489 1146 2541 Deliacos
1163 2503 1181 2538 a
1196 2487 1314 2540 Fabricio
1331 2487 1452 2554 prolatus

280 2561 341 2608 ante
361 2554 528 2610 decessionis
545 2556 641 2610 festum
662 2573 678 2610 a
695 2557 837 2611 Claudiano
889 2557 937 2610 hoc
960 2557 1066 2610 nomine
1087 2555 1255 2610 Philastrium
1278 2551 1453 2624 reprehendat

280 2625 408 2678 Mamerto
426 2625 494 2678 circa
509 2627 539 2678 A.
557 2625 585 2679 Ο,
603 2625 662 2679 500.
679 2625 784 2678 demum
798 2627 838 2680 ιιι-
887 2624 1232 2694 nocetquereminauditam.
1246 2622 1452 2676 Caeterumei·

280 2693 407 2746 traductis
413 2694 438 2744 in
450 2693 543 2756 Gallie,
552 2695 611 2746 ride
621 2693 777 2762 (tragurium
787 2695 838 2747 Τιι-
888 2694 994 2746 laatrirns
1006 2695 1084 2763 paulo
1096 2693 1164 2746 intra
1174 2691 1294 2746 meminit
1308 2691 1340 2744 de
1350 2691 1451 2744 ieiunio

280 2779 419 2815 renerrsenr
432 2761 462 2816 ll.
475 2761 517 2815 34.
534 2761 599 2817 Hist.
612 2762 705 2815 Alcimi
725 2779 757 2814 ue
769 2763 839 2816 Aviti
888 2762 968 2814 etiam
980 2763 1123 2816 secundum
1133 2767 1243 2832 quatuor
1252 2760 1314 2812 anni
1322 2765 1452 2830 tempora,

280 2829 416 2883 homiliam
425 2831 457 2881 ds
468 2830 660 2898 Rogatiouibns
673 2838 698 2884 ot
707 2779 745 2884 le.
759 2831 839 2884 Sara·
889 2831 959 2900 quod
970 2831 1004 2883 ab
1013 2831 1143 2900 aliquibus
1151 2830 1310 2893 serrabatur,
1323 2827 1366 2880 cui
1419 2845 1452 2880 ue

889 2907 980 2969 aperta
997 2905 1037 2950 est
1051 2899 1149 2952 mentio
1206 2897 1241 2950 nd
1256 2897 1373 2950 honum
1443 2924 1452 2936 ·

280 2899 352 2952 sonis
364 2897 396 2950 ad
409 2897 541 2950 Sidoniis
562 2900 678 2952 allinaris
691 2899 734 2952 lib.
748 2901 778 2952 V.
790 2899 838 2970 Ep.

283 2965 322 3019 lt.
341 2967 410 3019 Sane
440 2967 526 3018 uidem
539 2916 645 3020 llallaeo
657 2984 717 3037 pag.
730 2969 787 3021 761.
800 2969 839 3020 in-

281 3035 346 3096 dice,
364 3035 401 3085 sic
418 3051 434 3085 o
454 3051 528 3087 scure
545 3040 572 3088 et
588 3037 704 3088 involute
721 3037 770 3090 hoc
781 3038 839 3089 loco

281 3101 313 3154 de
329 3102 433 3154 ieiuniis
449 3103 538 3156 scribit
556 3103 720 3168 Philustrius,
739 3111 768 3158 ιιι
781 3105 840 3158 stri-

282 3169 342 3222 dere
358 3170 409 3238 ipsi
424 3169 541 3223 rideatur
561 3173 648 3240 potius
665 3190 744 3242 quarn
760 3175 840 3242 loqui,

281 3239 370 3306 itaque
386 3238 455 3289 illius
474 3239 554 3292 rerba
570 3241 667 3292 latetur
684 3257 712 3292 se
728 3259 781 3294 non
799 3258 841 3294 ca·

282 3323 355 3378 pere:
375 3307 502 3376 ,Septimd
515 3309 607 3377 inquit,
620 3313 711 3361 mensis
722 3314 841 3362 ictuatum

283 3384 427 3428 constitutor
443 3379 545 3439 oms'ttit;
562 3379 628 3446 paud
643 3381 670 3430 ab
687 3377 741 3446 Epa'
759 3379 840 3430 danic

283 3447 418 3505 coustituit,
430 3443 548 3511 nisallor
559 3449 709 3499 inauditum.
730 3395 804 3507 diod
814 3451 841 3498 s'u

283 3514 370 3564 rratalc
393 3513 462 3562 locat
485 3516 535 3563 nisi
556 3515 666 3566 sratalcm
682 3533 733 3583 pro
755 3516 842 3567 dr'edes

283 3582 393 3632 aetatem
407 3583 609 3633 arrtccedeatr'tus
618 3585 713 3652 octpro
723 3585 841 3648 adasate,

282 3659 311 3702 ut
321 3650 394 3716 a·utyo
406 3652 530 3717 loquimur
542 3654 668 3718 acssps'oa,
687 3653 840 3704 absurdissi-

281 3735 347 3770 mtrm
359 3733 452 3784 potoque
464 3725 507 3768 est.
531 3717 645 3786 Denique
657 3721 719 3787 quid
729 3722 843 3788 estquod

282 3791 329 3838 iste
342 3787 401 3847 cult,
414 3793 481 3836 certa
493 3787 564 3848 dicit,
582 3789 610 3837 a'n
622 3791 767 3840 ascendere
777 3791 842 3839 s'es'u·

282 3856 401 3916 aarrdnm,
425 3856 556 3921 decoraque
573 3855 659 3906 diebus
675 3857 712 3906 cd
726 3864 841 3924 penteco-

283 3931 336 3974 sten
348 3939 423 3990 usque
439 3922 614 3991 accusatibne!
642 3923 722 3974 Nemo
734 3933 841 3992 praeter

283 3993 358 4042 tetam
370 3993 401 4042 de
416 3994 519 4042 ieiuniis
535 3995 573 4042 sic
585 3991 781 4060 philosophatas
798 4001 841 4055 eat,

284 4066 425 4126 tuntompue
434 4060 598 4112 decretistis
608 4063 705 4114 caetera*
712 4077 841 4128 sapueren-

284 4135 337 4188 tur,
350 4143 432 4178 omncs
448 4137 500 4180 totu
508 4137 651 4196 perstarem
668 4131 784 4180 ieiunare
801 4147 841 4182 nc·

277 4194 485 4264 sasputabaat.'’
521 4195 577 4260 (F.)

316 4262 333 4316 l.
352 4262 457 4314 tertium
473 4263 501 4316 in
517 4263 566 4332 lipi
584 4263 672 4330 bauia]
696 4263 842 4334 Epiphania

282 4329 324 4384 bic
334 4329 491 4384 anilastrio
500 4348 546 4400 pre
555 4281 713 4386 decessione
722 4333 841 4398 sumitur,

284 4405 314 4451 ut
329 4403 398 4450 recte
416 4398 526 4453 advertit
541 4399 682 4465 Fabricius,
699 4401 759 4455 licet
775 4402 840 4454 alias

285 4467 455 4520 communiter
482 4466 532 4520 hoc
559 4470 665 4522 nomine
693 4469 841 4538 designetur

286 4533 402 4588 adoratio
413 4549 559 4606 magorum,
572 4537 702 4592 iudicante
714 4536 841 4594 Gotelerio

890 2965 1120 3038 gnnmSerm.18.
1155 2967 1162 3036 t
1192 2965 1299 3033 elcard.)

923 3079 959 3115 m.
977 3065 1098 3130 quartum
1113 3059 1139 3112 in
1151 3059 1315 3125 Pentecoste]
1340 3057 1397 3112 Hoc
1415 3059 1451 3110 is·

890 3129 992 3182 iunium
1009 3129 1053 3180 atii
1071 3129 1208 3198 scriptores
1230 3133 1331 3197 ponunt
1351 3125 1452 3180 bebdo-

892 3198 967 3252 made
983 3205 1044 3267 post
1059 3197 1228 3250 Pentecosten
1246 3197 1288 3248 vel
1321 3199 1363 3248 ost
1380 3203 1453 3248 octa·

890 3283 951 3319 ram
967 3265 1142 3319 Pentecostas.
1169 3265 1233 3316 Vide
1245 3213 1406 3316 bordarium
1418 3265 1453 3318 ae

886 3335 974 3387 ‘lieu
986 3333 1128 3386 Constituit
1138 3332 1254 3402 Apostol.
1268 3349 1289 3384 r.
1301 3331 1342 3384 20.
1355 3349 1381 3400 p.
1391 3331 1451 3384 326.

891 3403 1014 3456 Vicissim
1032 3401 1202 3454 Pentecosten
1222 3401 1319 3470 ipsam,
1339 3397 1391 3453 boc
1411 3411 1453 3452 est

892 3471 1082 3540 qninquaginta
1099 3473 1167 3522 totos
1178 3485 1195 3521 a
1206 3467 1332 3538 paschate
1346 3468 1402 3520 dies
1415 3469 1452 3521 ia·

891 3540 982 3592 iunare
1003 3539 1077 3594 netas
1097 3538 1211 3592 habuere
1232 3537 1296 3607 pleri
1315 3553 1347 3590 ue
1369 3537 1451 3590 etiam

891 3605 1022 3660 Philastrii
1033 3609 1168 3671 astataut
1179 3607 1231 3659 iam
1244 3621 1278 3658 ox
1315 3605 1450 3674 'eronymo

892 3676 988 3740 notari
1002 3675 1042 3728 cui
1056 3675 1120 3727 adde
1133 3675 1169 3728 sis
1181 3675 1285 3744 insigne
1297 3672 1324 3726 S.
1334 3671 1450 3726 Athana·

892 3745 925 3796 sii
942 3743 1133 3807 testimoninm,
1155 3741 1225 3814 quod
1244 3741 1287 3794 vul
1309 3743 1363 3794 arit
1383 3743 1451 3794 cele-

891 3757 1451 3942 herpiptonpppnconnsinssihldoisliniana

917 3983 942 4018 n.
960 3965 1063 4018 ieiuniis
1076 3969 1102 4017 et
1114 3965 1275 4018 orationibus
1284 3963 1449 4031 insistentes]

892 4032 1049 4088 Ieiuniorum
1060 4033 1133 4086 nulla
1145 4033 1240 4086 diserta
1251 4032 1349 4086 mentio
1360 4029 1449 4085 Actor.

891 4099 911 4154 I.
925 4101 964 4154 li.
990 4099 1131 4172 ,llpereuffi
1148 4101 1188 4152 acl
1206 4099 1285 4166 deden
1301 4117 1450 4169 προςκαρτε-

893 4169 1013 4239 ροῦντες.”
1047 4169 1148 4222 Temen
1162 4169 1259 4222 ieiunia
1274 4173 1302 4221 et
1318 4167 1450 4221 orationes

892 4239 1084 4308 coniunguntur
1095 4237 1181 4290 Actor.
1189 4235 1259 4290 xlv.
1269 4235 1310 4290 23.
1327 4235 1450 4306 ,liparea-

893 4304 988 4376 ξάμενοι
1001 4304 1061 4375 μετὰ
1074 4305 1213 4370 married·
1248 4304 1305 4371 (F.)

926 4417 950 4454 o.
967 4400 1039 4456 orani
1050 4399 1209 4453 dubitatione
1223 4399 1346 4468 seposita,
1357 4397 1386 4450 in
1397 4413 1451 4466 qna

892 4474 967 4524 crant
978 4468 1048 4549 ante]
1061 4468 1179 4593 Respicit
1188 4467 1383 4528 dubitationem,
1395 4467 1449 4520 imo

891 4537 1101 4608 abnegationem,
1132 4541 1182 4594 otro
1192 4534 1285 4594 mett
1295 4533 1396 4594 xxvi
1406 4533 1449 4590 ιθ.
