3144 4986
192 269 244 313 n,
378 286 381 292 ,
694 242 861 285 rmsrsrro.
966 231 969 243 '

54 433 57 437 ·
193 403 389 482 instituerat,
408 377 545 484 aliosque
561 400 671 464 breves
691 405 814 463 veteres
828 398 867 463 de
881 398 1046 464 haereticis
1061 398 1228 484 scriptores
1242 399 1273 462 ei
1293 395 1348 462 ad·
1408 384 1425 403 '⁴

193 524 330 602 iungere,
351 518 407 585 sed
427 539 464 584 ea
482 518 617 584 Fabricii
633 518 774 585 collectio
796 518 899 584 lucem
913 539 1074 603 nunquam
1087 517 1176 584 vidit.

255 642 307 705 VI„
335 641 466 716 Isidori
489 641 720 720 Hispalensis
752 638 914 723 Catalogos
944 639 1121 705 haeresium
1150 638 1281 724 repetivi
1310 657 1349 702 ex

194 760 295 844 Origg.
308 760 362 825 lib.
374 759 467 841 Vin,
482 780 570 846 capp.
587 759 616 825 4.
632 765 664 824 et
678 760 707 824 5.
730 759 866 824 Inseruit
880 780 943 841 ecs,
957 761 1083 826 nomine
1098 760 1259 844 scriptoris
1271 778 1348 844 eup-

193 901 311 965 presso,
322 878 708 946 HrahanusMauruslibro
719 879 758 946 ΙΙ.
768 878 807 943 de
817 880 920 945 Instit.
930 879 1038 946 Cleric.
1048 876 1349 959 etDeUniverch.,

194 1022 260 1086 cap.
277 1001 306 1066 9.
342 1001 505 1086 Repetitus
528 1005 577 1064 est
597 1002 692 1065 etiam
714 1022 734 1065 a
756 1000 902 1065 Gratiano
924 1000 1007 1065 Part.
1023 999 1062 1065 ll.
1083 999 1174 1064 Decr.
1192 998 1281 1064 Ceus
1298 997 1348 1063 24.

58 1149 62 1157 ·
194 1121 249 1198 Qu.
266 1128 294 1186 3.

254 1243 321 1304 m
347 1242 454 1304 Pauli
475 1239 654 1323 catalogus,
680 1259 719 1304 ex
739 1206 850 1306 Isidori
878 1240 1016 1325 catalogo
1037 1242 1207 1305 maximam
1228 1243 1350 1328 partem

2 1445 3 1452 ἵ
97 1351 104 1365 ’
193 1359 394 1446 compilatus,
413 1380 497 1425 nunc
518 1361 655 1445 primum
675 1359 777 1424 editus
797 1365 847 1426 est
865 1380 904 1425 ex
924 1359 1014 1426 codd.
1034 1380 1109 1426 mss.
1130 1379 1161 1425 n.
1183 1357 1255 1423 975.
1270 1364 1303 1424 et
1316 1377 1346 1424 m

195 1480 285 1545 1752.
321 1478 533 1544 Bibliothecae
552 1479 802 1562 Bambergensis.
824 1479 1047 1566 Apographum
1062 1479 1162 1546 libelli
1177 1478 1275 1545 debeo
1290 1477 1348 1543 hu·

190 1599 335 1665 manituti
350 1600 413 1663 VV.
428 1599 493 1664 DD.
511 1599 725 1665 Gutenaeclrer
739 1607 771 1664 et
785 1600 957 1684 Stenglein,
972 1600 1257 1683 Bambergensium.

254 1721 337 1784 vm
357 1721 508 1784 Honorii
522 1719 657 1803 libellus,
668 1723 696 1784 si
710 1722 899 1805 paucissima
910 1722 1058 1806 excipias,
1072 1725 1156 1785 totus
1168 1725 1218 1784 cst
1226 1717 1348 1785 Isidori.

254 1843 307 1906 11.
330 1836 510 1921 (lenfnadii
529 1839 643 1905 librum
664 1839 702 1904 de
722 1840 950 1906 Ecclesiastiois
965 1833 1169 1924 Dogmatibus
1184 1840 1348 1905 haereseo·

193 1960 301 2043 logicis
318 1959 445 2025 adiunxi
464 1959 637 2045 opusculis,
665 1962 739 2044 qnia
760 1982 832 2026 eum
854 1961 893 2026 ab
913 1960 972 2026 boc
991 1980 1104 2047 genere
1123 1977 1187 2026 non
1205 1960 1252 2026 its
1270 1958 1347 2025 alie·

192 2102 268 2145 num
282 2101 351 2146 esse
366 2080 514 2145 viderem.
537 2079 727 2146 Geverhardi
740 2080 962 2147 Elmenborstii
974 2080 1203 2164 annotationes,
1218 2081 1278 2145 etsi
1291 2079 1348 2145 ho·

194 2201 243 2265 die
258 2203 371 2286 partim
384 2200 528 2281 inutiles,
548 2200 679 2284 nequid
701 2203 852 2266 omissum
872 2207 1078 2286 quererentur
1096 2200 1244 2283 lectores,
1258 2218 1348 2286 repe·

1 2420 2 2437 ἵ
38 2306 87 2418 ’.ἵ
152 2353 153 2357 =
192 2320 303 2385 tendes
318 2323 433 2385 curavi.
469 2318 597 2385 Utinam
617 2341 672 2405 pro
692 2319 751 2385 hcc
772 2321 926 2387 Gennadii
941 2321 1020 2386 libro
1041 2326 1111 2386 octo
1125 2321 1196 2387 illos
1218 2323 1272 2406 qui
1292 2340 1348 2407 pe·

193 2444 312 2506 rierunt
334 2440 494 2506 Adversus
520 2439 635 2506 Omnes
654 2441 807 2506 Haereses
832 2442 969 2526 prolerre
993 2441 1151 2524 licuisset,
1176 2460 1255 2527 qnos
1279 2459 1348 2506 sese

193 2563 356 2647 scripsisse
385 2564 517 2624 testatus
546 2559 584 2625 de
610 2560 674 2625 Vir.
699 2559 813 2628 Illustr.
838 2562 975 2645 o.100.‚
1003 2582 1042 2626 ex
1071 2582 1170 2648 ecque
1193 2561 1349 2627 Honorius

192 2680 484 2766 Angustodnnensis
511 2679 549 2745 de
574 2679 701 2766 Scriptt.
727 2680 845 2747 Eccles.
867 2681 909 2765 11,
935 2683 985 2746 97.
1013 2688 1046 2748 et
1066 2682 1131 2748 Iob.
1158 2680 1349 2747 Trithemins

192 2781 262 2900 ᾗ.
279 2801 360 2883 188,
375 2800 425 2866 cui
440 2800 567 2886 quidem
581 2802 652 2887 ipsi,
671 2806 708 2865 ut
725 2821 779 2867 eos
796 2801 928 2886 videret,
949 2823 1014 2868 ncu
1035 2804 1201 2887 contigisse
1215 2801 1349 2883 videtur,

193 2929 267 2986 etun·
279 2923 405 2986 initium
417 2920 490 2988 libri
504 2941 568 2987 non
583 2919 733 2988 retulerit.
766 2920 851 2987 Nihil
867 2923 951 2988 enim
966 2925 1075 2988 eontra
1087 2922 1165 2988 haec
1179 2925 1245 2988 mm
1259 2921 1348 2987 luen·

193 3041 279 3105 lenta
291 3043 470 3106 testimonia
479 3041 584 3105 olfecit
594 3041 655 3106 Iac.
668 3041 863 3125 Sirmondus,
874 3041 1040 3126 singularis
1052 3063 1230 3127 quanquam
1244 3041 1348 3107 erudi·

193 3162 288 3225 tionis
303 3165 335 3226 et
349 3162 510 3226 exercitati
523 3160 632 3226 iudicii
645 3163 704 3243 vir,
717 3161 833 3227 Histor.
849 3162 1074 3228 Praedestinat
1091 3183 1158 3248 cap.
1174 3164 1203 3229 6.
1219 3182 1259 3227 ex
1273 3161 1348 3226 suh·
1432 3215 1439 3223 .

194 3279 362 3366 scriptione
377 3280 492 3346 eodicis
505 3301 564 3345 ms.
579 3280 611 3346 S.
623 3280 769 3363 Victoris,
783 3283 817 3350 in
831 3302 892 3367 quo
903 3283 1071 3367 Augustini
1084 3281 1164 3348 liber
1179 3281 1217 3348 de
1231 3282 1348 3348 Haere-

193 3399 280 3466 sibus
296 3401 485 3482 continetur,
500 3405 609 3466 contra
621 3401 822 3497 Mengninnm
837 3402 960 3468 Vindic.
974 3402 1201 3468 Praedestinat.
1217 3408 1250 3467 et
1262 3403 1348 3468 Grat

194 3520 268 3585 diss.
284 3519 334 3602 11,
348 3539 418 3606 pag.
433 3518 504 3584 528.
520 3521 651 3606 probare
667 3528 797 3587 conatus
818 3521 1015 3588 Gennadium
1034 3528 1159 3609 praeter
1178 3525 1282 3610 capita
1294 3520 1349 3586 illa

194 3639 233 3704 de
247 3639 369 3706 haeresi
382 3639 577 3721 Nestoriana
595 3639 800 3724 Eutychiana,
814 3641 1112 3726 Praedestinatiana,
1133 3640 1349 3724 Timotheana,

194 3779 272 3843 qnae
286 3759 379 3843 vulgo
392 3761 589 3845 reperiuntur
601 3759 769 3843 Augustini
784 3760 822 3826 de
833 3761 1024 3828 Haeresibus
1035 3761 1133 3829 libelli
1145 3763 1180 3827 in
1191 3761 1277 3827 ealce
1291 3759 1347 3825 ad·

88 3963 89 3966 ¹
190 3877 274 3960 dita,
296 3885 463 3964 extantque
483 3881 579 3944 etiam
597 3878 632 3943 in
651 3879 713 3945 fine
731 3878 831 3945 libelli
849 3883 908 3947 snb
923 3881 1105 3967 Hieronymi
1124 3883 1250 3949 nomine
1268 3878 1347 3946 acl.

193 3997 340 4063 hienardo
356 3998 444 4081 editi,
457 3999 537 4064 nibil
551 3999 677 4065 omnino
693 3983 732 4064 de
746 3999 928 4067 haeresibus
942 4003 1114 4088 scripsisse.

256 4133 344 4200 Halis
359 4134 517 4201 Saxonum
531 4136 623 4204 XXV.
639 4135 690 4203 die
705 4135 776 4215 Iulii
788 4117 986 4205 meconi.

867 4279 1086 4408 muscus
1108 4331 1248 4407 mue.
