<?xml version="1.0" encoding="UTF-8"?>
<!DOCTYPE html PUBLIC "-//W3C//DTD XHTML 1.0 Transitional//EN"
    "http://www.w3.org/TR/xhtml1/DTD/xhtml1-transitional.dtd">
<html xmlns="http://www.w3.org/1999/xhtml" xml:lang="en" lang="en">
 <head>
  <title>
</title>
<meta http-equiv="Content-Type" content="text/html;charset=utf-8" />
  <meta name='ocr-system' content='tesseract 3.04.00' />
  <meta name='ocr-capabilities' content='ocr_page ocr_carea ocr_par ocr_line ocrx_word'/>
</head>
<body>
  <div class='ocr_page' id='page_1' title='image "./corporishaerese04oehlgoog_0322.png"; bbox 0 0 3120 4994; ppageno 0'>
   <div class='ocr_carea' id='block_1_1' title="bbox 478 321 1263 388">
    <p class='ocr_par' dir='ltr' id='par_1_1' title="bbox 478 321 1263 388">
     <span class='ocr_line' id='line_1_1' title="bbox 478 321 1263 388; baseline 0 -22"><span class='ocrx_word' id='word_1_1' title='bbox 478 321 879 366; x_wconf 79' lang='lat' dir='ltr'><strong>rsnrcuuosnssannsmus</strong></span> <span class='ocrx_word' id='word_1_2' title='bbox 1202 321 1263 388; x_wconf 74' lang='lat'><strong>299</strong></span> 
     </span>
    </p>
   </div>
   <div class='ocr_carea' id='block_1_2' title="bbox 84 477 1396 3749">
    <p class='ocr_par' dir='ltr' id='par_1_2' title="bbox 84 477 1396 3235">
     <span class='ocr_line' id='line_1_2' title="bbox 84 477 1263 568; baseline -0.003 -22"><span class='ocrx_word' id='word_1_3' title='bbox 84 481 207 546; x_wconf 87' lang='lat' dir='ltr'><strong>bonae</strong></span> <span class='ocrx_word' id='word_1_4' title='bbox 222 481 426 548; x_wconf 73' lang='lat' dir='ltr'><strong>confessionis</strong></span> <span class='ocrx_word' id='word_1_5' title='bbox 445 483 564 568; x_wconf 86' lang='lat' dir='ltr'><strong>primus</strong></span> <span class='ocrx_word' id='word_1_6' title='bbox 584 481 751 548; x_wconf 84' lang='lat' dir='ltr'><strong>amortuis</strong></span> <span class='ocrx_word' id='word_1_7' title='bbox 770 479 973 562; x_wconf 60' lang='lat' dir='ltr'><strong>musculosus,</strong></span> <span class='ocrx_word' id='word_1_8' title='bbox 992 477 1051 548; x_wconf 84' lang='lat' dir='ltr'><strong>dee</strong></span> <span class='ocrx_word' id='word_1_9' title='bbox 1066 479 1263 559; x_wconf 87' lang='lat' dir='ltr'><strong>coniunctus,</strong></span> 
     </span>
     <span class='ocr_line' id='line_1_3' title="bbox 85 579 1262 670; baseline 0 -25"><span class='ocrx_word' id='word_1_10' title='bbox 85 583 161 649; x_wconf 85' lang='lat' dir='ltr'><strong>sed</strong></span> <span class='ocrx_word' id='word_1_11' title='bbox 175 590 209 648; x_wconf 85' lang='lat' dir='ltr'><strong>et</strong></span> <span class='ocrx_word' id='word_1_12' title='bbox 222 583 446 669; x_wconf 70' lang='lat' dir='ltr'><strong>&#39;patrocinium</strong></span> <span class='ocrx_word' id='word_1_13' title='bbox 460 605 516 670; x_wconf 92' lang='lat' dir='ltr'><strong>pro</strong></span> <span class='ocrx_word' id='word_1_14' title='bbox 530 583 579 648; x_wconf 90' lang='lat' dir='ltr'><strong>his</strong></span> <span class='ocrx_word' id='word_1_15' title='bbox 594 589 779 669; x_wconf 89' lang='lat' dir='ltr'><strong>perpetuom</strong></span> <span class='ocrx_word' id='word_1_16' title='bbox 794 582 926 648; x_wconf 72' lang='lat' dir='ltr'><strong>daturus</strong></span> <span class='ocrx_word' id='word_1_17' title='bbox 936 584 990 666; x_wconf 89' lang='lat' dir='ltr'><strong>qui</strong></span> <span class='ocrx_word' id='word_1_18' title='bbox 1000 602 1056 666; x_wconf 89' lang='lat' dir='ltr'><strong>por</strong></span> <span class='ocrx_word' id='word_1_19' title='bbox 1067 583 1134 646; x_wconf 89' lang='lat' dir='ltr'><strong>eius</strong></span> <span class='ocrx_word' id='word_1_20' title='bbox 1147 579 1262 646; x_wconf 89' lang='lat' dir='ltr'><strong>doctri-</strong></span> 
     </span>
     <span class='ocr_line' id='line_1_4' title="bbox 85 683 1262 771; baseline -0.003 -19"><span class='ocrx_word' id='word_1_21' title='bbox 85 707 178 752; x_wconf 87' lang='lat' dir='ltr'><strong>nam</strong></span> <span class='ocrx_word' id='word_1_22' title='bbox 193 690 227 752; x_wconf 89' lang='lat' dir='ltr'><strong>in</strong></span> <span class='ocrx_word' id='word_1_23' title='bbox 242 687 335 752; x_wconf 90' lang='lat' dir='ltr'><strong>deum</strong></span> <span class='ocrx_word' id='word_1_24' title='bbox 349 685 481 752; x_wconf 80' lang='lat' dir='ltr'><strong>fideliter</strong></span> <span class='ocrx_word' id='word_1_25' title='bbox 496 686 627 752; x_wconf 83' lang='lat' dir='ltr'><strong>credunt</strong></span> <span class='ocrx_word' id='word_1_26' title='bbox 646 693 679 752; x_wconf 88' lang='lat' dir='ltr'><strong>et</strong></span> <span class='ocrx_word' id='word_1_27' title='bbox 691 707 770 771; x_wconf 86' lang='lat' dir='ltr'><strong>pura</strong></span> <span class='ocrx_word' id='word_1_28' title='bbox 784 685 841 752; x_wconf 90' lang='lat' dir='ltr'><strong>dec</strong></span> <span class='ocrx_word' id='word_1_29' title='bbox 857 686 1049 752; x_wconf 83' lang='lat' dir='ltr'><strong>conscientia</strong></span> <span class='ocrx_word' id='word_1_30' title='bbox 1062 683 1262 750; x_wconf 68' lang='lat' dir='ltr'><strong>famulantur.</strong></span> 
     </span>
     <span class='ocr_line' id='line_1_5' title="bbox 165 787 1389 874; baseline -0.003 -20"><span class='ocrx_word' id='word_1_31' title='bbox 165 789 354 873; x_wconf 77' lang='lat' dir='ltr'><strong>Eutychiani</strong></span> <span class='ocrx_word' id='word_1_32' title='bbox 373 790 467 856; x_wconf 81' lang='lat' dir='ltr'><strong>dicti·</strong></span> <span class='ocrx_word' id='word_1_33' title='bbox 486 789 525 854; x_wconf 86' lang='lat' dir='ltr'><strong>ab</strong></span> <span class='ocrx_word' id='word_1_34' title='bbox 539 787 679 872; x_wconf 81' lang='lat' dir='ltr'><strong>Eutyche</strong></span> <span class='ocrx_word' id='word_1_35' title='bbox 695 787 1039 874; x_wconf 74' lang='lat' dir='ltr'><strong>Constantinopolitano</strong></span> <span class='ocrx_word' id='word_1_36' title='bbox 1059 787 1189 867; x_wconf 81' lang='lat' dir='ltr'><strong>abbate,</strong></span> <span class='ocrx_word' id='word_1_37' title='bbox 1209 788 1264 870; x_wconf 89' lang='lat' dir='ltr'><strong>qui</strong></span> <span class='ocrx_word' id='word_1_38' title='bbox 1281 798 1331 850; x_wconf 69' lang='lat' dir='ltr'><strong>cm</strong></span> <span class='ocrx_word' id='word_1_39' title='bbox 1346 800 1389 842; x_wconf 57' lang='lat' dir='ltr'><strong>xta</strong></span> 
     </span>
     <span class='ocr_line' id='line_1_6' title="bbox 86 888 1263 978; baseline -0.002 -22"><span class='ocrx_word' id='word_1_40' title='bbox 86 892 264 956; x_wconf 80' lang='lat' dir='ltr'><strong>Christum</strong></span> <span class='ocrx_word' id='word_1_41' title='bbox 277 899 350 978; x_wconf 89' lang='lat' dir='ltr'><strong>post</strong></span> <span class='ocrx_word' id='word_1_42' title='bbox 362 891 531 958; x_wconf 88' lang='lat' dir='ltr'><strong>humanam</strong></span> <span class='ocrx_word' id='word_1_43' title='bbox 544 893 792 978; x_wconf 78' lang='lat' dir='ltr'><strong>assumptionem</strong></span> <span class='ocrx_word' id='word_1_44' title='bbox 806 892 932 975; x_wconf 80' lang='lat' dir='ltr'><strong>negarit</strong></span> <span class='ocrx_word' id='word_1_45' title='bbox 945 892 1078 956; x_wconf 79' lang='lat' dir='ltr'><strong>existere</strong></span> <span class='ocrx_word' id='word_1_46' title='bbox 1090 888 1129 954; x_wconf 92' lang='lat' dir='ltr'><strong>de</strong></span> <span class='ocrx_word' id='word_1_47' title='bbox 1141 889 1263 956; x_wconf 84' lang='lat' dir='ltr'><strong>duabus</strong></span> 
     </span>
     <span class='ocr_line' id='line_1_7' title="bbox 86 990 1261 1078; baseline 0 -20"><span class='ocrx_word' id='word_1_48' title='bbox 86 997 236 1078; x_wconf 84' lang='lat' dir='ltr'><strong>naturis,</strong></span> <span class='ocrx_word' id='word_1_49' title='bbox 250 995 306 1060; x_wconf 88' lang='lat' dir='ltr'><strong>sed</strong></span> <span class='ocrx_word' id='word_1_50' title='bbox 320 995 440 1062; x_wconf 87' lang='lat' dir='ltr'><strong>¹solum</strong></span> <span class='ocrx_word' id='word_1_51' title='bbox 453 997 487 1060; x_wconf 94' lang='lat' dir='ltr'><strong>in</strong></span> <span class='ocrx_word' id='word_1_52' title='bbox 502 1016 538 1060; x_wconf 90' lang='lat' dir='ltr'><strong>eo</strong></span> <span class='ocrx_word' id='word_1_53' title='bbox 558 995 698 1062; x_wconf 85' lang='lat' dir='ltr'><strong>divinam</strong></span> <span class='ocrx_word' id='word_1_54' title='bbox 715 996 849 1060; x_wconf 85' lang='lat' dir='ltr'><strong>asseruit</strong></span> <span class='ocrx_word' id='word_1_55' title='bbox 869 1013 938 1060; x_wconf 88' lang='lat' dir='ltr'><strong>esse</strong></span> <span class='ocrx_word' id='word_1_56' title='bbox 957 998 1110 1060; x_wconf 83' lang='lat' dir='ltr'><strong>naturam.</strong></span> <span class='ocrx_word' id='word_1_57' title='bbox 1148 990 1261 1075; x_wconf 82' lang='lat' dir='ltr'><strong>²lluty·</strong></span> 
     </span>
     <span class='ocr_line' id='line_1_8' title="bbox 88 1095 1263 1181; baseline -0.002 -21"><span class='ocrx_word' id='word_1_58' title='bbox 88 1097 208 1161; x_wconf 90' lang='lat' dir='ltr'><strong>chitae</strong></span> <span class='ocrx_word' id='word_1_59' title='bbox 224 1097 332 1164; x_wconf 92' lang='lat' dir='ltr'><strong>dicunt</strong></span> <span class='ocrx_word' id='word_1_60' title='bbox 347 1097 507 1164; x_wconf 89' lang='lat' dir='ltr'><strong>dominum</strong></span> <span class='ocrx_word' id='word_1_61' title='bbox 525 1099 630 1164; x_wconf 89' lang='lat' dir='ltr'><strong>lesum</strong></span> <span class='ocrx_word' id='word_1_62' title='bbox 648 1117 756 1164; x_wconf 76' lang='lat' dir='ltr'><strong>rernm</strong></span> <span class='ocrx_word' id='word_1_63' title='bbox 776 1095 904 1181; x_wconf 85' lang='lat' dir='ltr'><strong>quidem</strong></span> <span class='ocrx_word' id='word_1_64' title='bbox 922 1095 1016 1162; x_wconf 90' lang='lat' dir='ltr'><strong>deum</strong></span> <span class='ocrx_word' id='word_1_65' title='bbox 1036 1113 1076 1160; x_wconf 87' lang='lat' dir='ltr'><strong>ex</strong></span> <span class='ocrx_word' id='word_1_66' title='bbox 1095 1097 1215 1178; x_wconf 77' lang='lat' dir='ltr'><strong>virgine</strong></span> <span class='ocrx_word' id='word_1_67' title='bbox 1230 1100 1263 1158; x_wconf 90' lang='lat' dir='ltr'><strong>et</strong></span> 
     </span>
     <span class='ocr_line' id='line_1_9' title="bbox 86 1197 1263 1288; baseline -0.003 -24"><span class='ocrx_word' id='word_1_68' title='bbox 86 1203 132 1264; x_wconf 90' lang='lat' dir='ltr'><strong>in</strong></span> <span class='ocrx_word' id='word_1_69' title='bbox 148 1220 225 1266; x_wconf 83' lang='lat' dir='ltr'><strong>vero</strong></span> <span class='ocrx_word' id='word_1_70' title='bbox 242 1221 368 1288; x_wconf 88' lang='lat' dir='ltr'><strong>corpore</strong></span> <span class='ocrx_word' id='word_1_71' title='bbox 383 1207 504 1282; x_wconf 88' lang='lat' dir='ltr'><strong>natmn‚</strong></span> <span class='ocrx_word' id='word_1_72' title='bbox 518 1221 583 1266; x_wconf 91' lang='lat' dir='ltr'><strong>non</strong></span> <span class='ocrx_word' id='word_1_73' title='bbox 597 1207 704 1266; x_wconf 82' lang='lat' dir='ltr'><strong>tamen</strong></span> <span class='ocrx_word' id='word_1_74' title='bbox 718 1202 751 1266; x_wconf 90' lang='lat' dir='ltr'><strong>in</strong></span> <span class='ocrx_word' id='word_1_75' title='bbox 766 1198 895 1266; x_wconf 89' lang='lat' dir='ltr'><strong>humani</strong></span> <span class='ocrx_word' id='word_1_76' title='bbox 908 1200 1032 1282; x_wconf 77' lang='lat' dir='ltr'><strong>generis</strong></span> <span class='ocrx_word' id='word_1_77' title='bbox 1047 1217 1151 1280; x_wconf 83' lang='lat' dir='ltr'><strong>carne,</strong></span> <span class='ocrx_word' id='word_1_78' title='bbox 1165 1197 1199 1264; x_wconf 92' lang='lat' dir='ltr'><strong>id</strong></span> <span class='ocrx_word' id='word_1_79' title='bbox 1214 1204 1263 1262; x_wconf 87' lang='lat' dir='ltr'><strong>est</strong></span> 
     </span>
     <span class='ocr_line' id='line_1_10' title="bbox 88 1299 1261 1387; baseline 0.001 -22"><span class='ocrx_word' id='word_1_80' title='bbox 88 1323 166 1366; x_wconf 90' lang='lat' dir='ltr'><strong>non</strong></span> <span class='ocrx_word' id='word_1_81' title='bbox 182 1323 221 1366; x_wconf 90' lang='lat' dir='ltr'><strong>ex</strong></span> <span class='ocrx_word' id='word_1_82' title='bbox 237 1324 329 1367; x_wconf 85' lang='lat' dir='ltr'><strong>carne</strong></span> <span class='ocrx_word' id='word_1_83' title='bbox 343 1306 473 1387; x_wconf 82' lang='lat' dir='ltr'><strong>virginis</strong></span> <span class='ocrx_word' id='word_1_84' title='bbox 489 1325 613 1370; x_wconf 85' lang='lat' dir='ltr'><strong>caruem</strong></span> <span class='ocrx_word' id='word_1_85' title='bbox 628 1305 772 1385; x_wconf 83' lang='lat' dir='ltr'><strong>traxisse,</strong></span> <span class='ocrx_word' id='word_1_86' title='bbox 787 1301 844 1368; x_wconf 86' lang='lat' dir='ltr'><strong>sed</strong></span> <span class='ocrx_word' id='word_1_87' title='bbox 858 1304 948 1386; x_wconf 83' lang='lat' dir='ltr'><strong>quusi</strong></span> <span class='ocrx_word' id='word_1_88' title='bbox 963 1301 1003 1368; x_wconf 81' lang='lat' dir='ltr'><strong>de</strong></span> <span class='ocrx_word' id='word_1_89' title='bbox 1014 1299 1099 1366; x_wconf 90' lang='lat' dir='ltr'><strong>caelo</strong></span> <span class='ocrx_word' id='word_1_90' title='bbox 1111 1301 1261 1368; x_wconf 84' lang='lat' dir='ltr'><strong>exhibue-</strong></span> 
     </span>
     <span class='ocr_line' id='line_1_11' title="bbox 89 1403 1261 1491; baseline 0 -23"><span class='ocrx_word' id='word_1_91' title='bbox 89 1407 141 1468; x_wconf 87' lang='lat' dir='ltr'><strong>rit</strong></span> <span class='ocrx_word' id='word_1_92' title='bbox 158 1425 287 1490; x_wconf 85' lang='lat' dir='ltr'><strong>corpus,</strong></span> <span class='ocrx_word' id='word_1_93' title='bbox 307 1407 390 1491; x_wconf 91' lang='lat' dir='ltr'><strong>quod</strong></span> <span class='ocrx_word' id='word_1_94' title='bbox 407 1407 536 1490; x_wconf 84' lang='lat' dir='ltr'><strong>virginis</strong></span> <span class='ocrx_word' id='word_1_95' title='bbox 555 1405 756 1472; x_wconf 88' lang='lat' dir='ltr'><strong>interioribus</strong></span> <span class='ocrx_word' id='word_1_96' title='bbox 775 1404 933 1470; x_wconf 84' lang='lat' dir='ltr'><strong>reclusum</strong></span> <span class='ocrx_word' id='word_1_97' title='bbox 952 1405 986 1470; x_wconf 92' lang='lat' dir='ltr'><strong>in</strong></span> <span class='ocrx_word' id='word_1_98' title='bbox 1004 1403 1175 1470; x_wconf 86' lang='lat' dir='ltr'><strong>humanam</strong></span> <span class='ocrx_word' id='word_1_99' title='bbox 1188 1424 1261 1489; x_wconf 89' lang='lat' dir='ltr'><strong>spe-</strong></span> 
     </span>
     <span class='ocr_line' id='line_1_12' title="bbox 91 1505 1262 1593; baseline 0 -21"><span class='ocrx_word' id='word_1_100' title='bbox 91 1509 186 1572; x_wconf 88' lang='lat' dir='ltr'><strong>ciem</strong></span> <span class='ocrx_word' id='word_1_101' title='bbox 199 1508 377 1574; x_wconf 82' lang='lat' dir='ltr'><strong>formaverit</strong></span> <span class='ocrx_word' id='word_1_102' title='bbox 390 1515 423 1574; x_wconf 87' lang='lat' dir='ltr'><strong>et</strong></span> <span class='ocrx_word' id='word_1_103' title='bbox 436 1511 469 1575; x_wconf 91' lang='lat' dir='ltr'><strong>in</strong></span> <span class='ocrx_word' id='word_1_104' title='bbox 484 1511 551 1593; x_wconf 88' lang='lat' dir='ltr'><strong>ipso</strong></span> <span class='ocrx_word' id='word_1_105' title='bbox 566 1513 659 1574; x_wconf 84' lang='lat' dir='ltr'><strong>natus</strong></span> <span class='ocrx_word' id='word_1_106' title='bbox 674 1510 716 1574; x_wconf 88' lang='lat' dir='ltr'><strong>sit</strong></span> <span class='ocrx_word' id='word_1_107' title='bbox 730 1507 805 1574; x_wconf 89' lang='lat' dir='ltr'><strong>deus</strong></span> <span class='ocrx_word' id='word_1_108' title='bbox 821 1509 854 1572; x_wconf 91' lang='lat' dir='ltr'><strong>iu</strong></span> <span class='ocrx_word' id='word_1_109' title='bbox 866 1505 1105 1572; x_wconf 87' lang='lat' dir='ltr'><strong>similitudinem</strong></span> <span class='ocrx_word' id='word_1_110' title='bbox 1115 1506 1262 1588; x_wconf 81' lang='lat' dir='ltr'><strong>hominis,</strong></span> 
     </span>
     <span class='ocr_line' id='line_1_13' title="bbox 89 1605 1261 1696; baseline 0 -24"><span class='ocrx_word' id='word_1_111' title='bbox 89 1609 236 1694; x_wconf 81' lang='lat' dir='ltr'><strong>apostoli</strong></span> <span class='ocrx_word' id='word_1_112' title='bbox 250 1610 289 1676; x_wconf 90' lang='lat' dir='ltr'><strong>ad</strong></span> <span class='ocrx_word' id='word_1_113' title='bbox 300 1612 359 1676; x_wconf 91' lang='lat' dir='ltr'><strong>hoc</strong></span> <span class='ocrx_word' id='word_1_114' title='bbox 370 1613 584 1676; x_wconf 87' lang='lat' dir='ltr'><strong>testimonium</strong></span> <span class='ocrx_word' id='word_1_115' title='bbox 595 1605 690 1676; x_wconf 83' lang='lat' dir='ltr'><strong>sensu</strong></span> <span class='ocrx_word' id='word_1_116' title='bbox 700 1612 796 1696; x_wconf 90' lang='lat' dir='ltr'><strong>impio</strong></span> <span class='ocrx_word' id='word_1_117' title='bbox 807 1610 1011 1694; x_wconf 81' lang='lat' dir='ltr'><strong>proterentes,</strong></span> <span class='ocrx_word' id='word_1_118' title='bbox 1027 1607 1109 1692; x_wconf 89' lang='lat' dir='ltr'><strong>quod</strong></span> <span class='ocrx_word' id='word_1_119' title='bbox 1120 1608 1159 1674; x_wconf 87' lang='lat' dir='ltr'><strong>ds</strong></span> <span class='ocrx_word' id='word_1_120' title='bbox 1172 1608 1261 1674; x_wconf 90' lang='lat' dir='ltr'><strong>Chri·</strong></span> 
     </span>
     <span class='ocr_line' id='line_1_14' title="bbox 91 1711 1261 1798; baseline 0.001 -23"><span class='ocrx_word' id='word_1_121' title='bbox 91 1715 142 1776; x_wconf 86' lang='lat' dir='ltr'><strong>sti</strong></span> <span class='ocrx_word' id='word_1_122' title='bbox 157 1714 373 1778; x_wconf 83' lang='lat' dir='ltr'><strong>incarnatione</strong></span> <span class='ocrx_word' id='word_1_123' title='bbox 388 1714 518 1798; x_wconf 85' lang='lat' dir='ltr'><strong>loquens</strong></span> <span class='ocrx_word' id='word_1_124' title='bbox 533 1713 657 1794; x_wconf 83' lang='lat' dir='ltr'><strong>dixerit,</strong></span> <span class='ocrx_word' id='word_1_125' title='bbox 671 1713 709 1778; x_wconf 92' lang='lat' dir='ltr'><strong>In</strong></span> <span class='ocrx_word' id='word_1_126' title='bbox 724 1711 983 1778; x_wconf 78' lang='lat' dir='ltr'><strong>similitudinemb</strong></span> <span class='ocrx_word' id='word_1_127' title='bbox 997 1711 1134 1779; x_wconf 87' lang='lat' dir='ltr'><strong>hominis</strong></span> <span class='ocrx_word' id='word_1_128' title='bbox 1148 1711 1261 1794; x_wconf 75' lang='lat' dir='ltr'><strong>imma,</strong></span> 
     </span>
     <span class='ocr_line' id='line_1_15' title="bbox 91 1811 1262 1902; baseline 0.002 -26"><span class='ocrx_word' id='word_1_129' title='bbox 91 1821 130 1876; x_wconf 84' lang='lat' dir='ltr'><strong>et</strong></span> <span class='ocrx_word' id='word_1_130' title='bbox 147 1813 257 1878; x_wconf 88' lang='lat' dir='ltr'><strong>habitu</strong></span> <span class='ocrx_word' id='word_1_131' title='bbox 272 1822 413 1902; x_wconf 86' lang='lat' dir='ltr'><strong>repertus</strong></span> <span class='ocrx_word' id='word_1_132' title='bbox 433 1822 468 1880; x_wconf 88' lang='lat' dir='ltr'><strong>ut</strong></span> <span class='ocrx_word' id='word_1_133' title='bbox 486 1817 594 1894; x_wconf 91' lang='lat' dir='ltr'><strong>homo;</strong></span> <span class='ocrx_word' id='word_1_134' title='bbox 615 1821 647 1878; x_wconf 89' lang='lat' dir='ltr'><strong>ct</strong></span> <span class='ocrx_word' id='word_1_135' title='bbox 666 1815 726 1880; x_wconf 87' lang='lat' dir='ltr'><strong>olio</strong></span> <span class='ocrx_word' id='word_1_136' title='bbox 742 1815 825 1896; x_wconf 89' lang='lat' dir='ltr'><strong>loco,</strong></span> <span class='ocrx_word' id='word_1_137' title='bbox 844 1814 969 1878; x_wconf 91' lang='lat' dir='ltr'><strong>Primus</strong></span> <span class='ocrx_word' id='word_1_138' title='bbox 988 1813 1081 1880; x_wconf 88' lang='lat' dir='ltr'><strong>homo</strong></span> <span class='ocrx_word' id='word_1_139' title='bbox 1100 1811 1157 1878; x_wconf 69' lang='lat' dir='ltr'><strong>⁸de</strong></span> <span class='ocrx_word' id='word_1_140' title='bbox 1176 1825 1262 1880; x_wconf 80' lang='lat' dir='ltr'><strong>terro</strong></span> 
     </span>
     <span class='ocr_line' id='line_1_16' title="bbox 92 1917 1260 1999; baseline 0 -19"><span class='ocrx_word' id='word_1_141' title='bbox 92 1917 525 1997; x_wconf 56' lang='lat' dir='ltr'><strong>consenescentem</strong></span> <span class='ocrx_word' id='word_1_142' title='bbox 541 1918 579 1984; x_wconf 87' lang='lat' dir='ltr'><strong>de</strong></span> <span class='ocrx_word' id='word_1_143' title='bbox 596 1917 680 1982; x_wconf 90' lang='lat' dir='ltr'><strong>caelo</strong></span> <span class='ocrx_word' id='word_1_144' title='bbox 697 1917 869 1984; x_wconf 72' lang='lat' dir='ltr'><strong>caelestist</strong></span> <span class='ocrx_word' id='word_1_145' title='bbox 899 1917 995 1998; x_wconf 86' lang='lat' dir='ltr'><strong>Ecce,</strong></span> <span class='ocrx_word' id='word_1_146' title='bbox 1009 1918 1112 1999; x_wconf 86' lang='lat' dir='ltr'><strong>aiunt,</strong></span> <span class='ocrx_word' id='word_1_147' title='bbox 1127 1917 1260 1982; x_wconf 86' lang='lat' dir='ltr'><strong>caeleste</strong></span> 
     </span>
     <span class='ocr_line' id='line_1_17' title="bbox 91 2019 1261 2106; baseline 0.003 -24"><span class='ocrx_word' id='word_1_148' title='bbox 91 2039 215 2104; x_wconf 87' lang='lat' dir='ltr'><strong>corpus</strong></span> <span class='ocrx_word' id='word_1_149' title='bbox 230 2019 389 2088; x_wconf 90' lang='lat' dir='ltr'><strong>hominem</strong></span> <span class='ocrx_word' id='word_1_150' title='bbox 404 2020 573 2106; x_wconf 82' lang='lat' dir='ltr'><strong>appellavit</strong></span> <span class='ocrx_word' id='word_1_151' title='bbox 586 2021 761 2106; x_wconf 82' lang='lat' dir='ltr'><strong>spostolus,</strong></span> <span class='ocrx_word' id='word_1_152' title='bbox 781 2039 875 2104; x_wconf 90' lang='lat' dir='ltr'><strong>quem</strong></span> <span class='ocrx_word' id='word_1_153' title='bbox 894 2019 964 2086; x_wconf 92' lang='lat' dir='ltr'><strong>ideo</strong></span> <span class='ocrx_word' id='word_1_154' title='bbox 979 2025 1107 2104; x_wconf 86' lang='lat' dir='ltr'><strong>peccato</strong></span> <span class='ocrx_word' id='word_1_155' title='bbox 1123 2021 1261 2086; x_wconf 83' lang='lat' dir='ltr'><strong>camisos</strong></span> 
     </span>
     <span class='ocr_line' id='line_1_18' title="bbox 92 2123 1260 2208; baseline 0.006 -25"><span class='ocrx_word' id='word_1_156' title='bbox 92 2127 235 2186; x_wconf 76' lang='lat' dir='ltr'><strong>testatus</strong></span> <span class='ocrx_word' id='word_1_157' title='bbox 251 2128 315 2204; x_wconf 84' lang='lat' dir='ltr'><strong>est,</strong></span> <span class='ocrx_word' id='word_1_158' title='bbox 334 2126 407 2206; x_wconf 90' lang='lat' dir='ltr'><strong>quia</strong></span> <span class='ocrx_word' id='word_1_159' title='bbox 422 2144 548 2188; x_wconf 84' lang='lat' dir='ltr'><strong>carnem</strong></span> <span class='ocrx_word' id='word_1_160' title='bbox 563 2123 722 2206; x_wconf 79' lang='lat' dir='ltr'><strong>originalis</strong></span> <span class='ocrx_word' id='word_1_161' title='bbox 740 2125 863 2208; x_wconf 86' lang='lat' dir='ltr'><strong>peccati</strong></span> <span class='ocrx_word' id='word_1_162' title='bbox 879 2123 1045 2189; x_wconf 84' lang='lat' dir='ltr'><strong>obnoxiam</strong></span> <span class='ocrx_word' id='word_1_163' title='bbox 1059 2143 1124 2188; x_wconf 90' lang='lat' dir='ltr'><strong>uon</strong></span> <span class='ocrx_word' id='word_1_164' title='bbox 1138 2143 1260 2190; x_wconf 86' lang='lat' dir='ltr'><strong>assum·</strong></span> 
     </span>
     <span class='ocr_line' id='line_1_19' title="bbox 93 2223 1260 2311; baseline 0.004 -24"><span class='ocrx_word' id='word_1_165' title='bbox 93 2225 215 2308; x_wconf 78' lang='lat' dir='ltr'><strong>pectit,</strong></span> <span class='ocrx_word' id='word_1_166' title='bbox 235 2223 290 2289; x_wconf 86' lang='lat' dir='ltr'><strong>sed</strong></span> <span class='ocrx_word' id='word_1_167' title='bbox 311 2247 422 2310; x_wconf 91' lang='lat' dir='ltr'><strong>corpus</strong></span> <span class='ocrx_word' id='word_1_168' title='bbox 442 2225 543 2292; x_wconf 87' lang='lat' dir='ltr'><strong>simile</strong></span> <span class='ocrx_word' id='word_1_169' title='bbox 563 2227 666 2292; x_wconf 85' lang='lat' dir='ltr'><strong>caruis</strong></span> <span class='ocrx_word' id='word_1_170' title='bbox 685 2229 821 2311; x_wconf 87' lang='lat' dir='ltr'><strong>peccati;</strong></span> <span class='ocrx_word' id='word_1_171' title='bbox 841 2231 874 2290; x_wconf 89' lang='lat' dir='ltr'><strong>et</strong></span> <span class='ocrx_word' id='word_1_172' title='bbox 892 2225 965 2292; x_wconf 90' lang='lat' dir='ltr'><strong>inde</strong></span> <span class='ocrx_word' id='word_1_173' title='bbox 984 2246 1054 2290; x_wconf 90' lang='lat' dir='ltr'><strong>esse</strong></span> <span class='ocrx_word' id='word_1_174' title='bbox 1073 2227 1162 2290; x_wconf 90' lang='lat' dir='ltr'><strong>aiunt</strong></span> <span class='ocrx_word' id='word_1_175' title='bbox 1178 2225 1260 2309; x_wconf 90' lang='lat' dir='ltr'><strong>quod</strong></span> 
     </span>
     <span class='ocr_line' id='line_1_20' title="bbox 95 2327 1262 2414; baseline 0.002 -22"><span class='ocrx_word' id='word_1_176' title='bbox 95 2347 173 2392; x_wconf 81' lang='lat' dir='ltr'><strong>curo</strong></span> <span class='ocrx_word' id='word_1_177' title='bbox 193 2327 330 2392; x_wconf 83' lang='lat' dir='ltr'><strong>humone</strong></span> <span class='ocrx_word' id='word_1_178' title='bbox 348 2328 491 2410; x_wconf 80' lang='lat' dir='ltr'><strong>originali</strong></span> <span class='ocrx_word' id='word_1_179' title='bbox 510 2329 544 2394; x_wconf 93' lang='lat' dir='ltr'><strong>in</strong></span> <span class='ocrx_word' id='word_1_180' title='bbox 564 2329 719 2414; x_wconf 88' lang='lat' dir='ltr'><strong>baptismo</strong></span> <span class='ocrx_word' id='word_1_181' title='bbox 740 2327 884 2394; x_wconf 83' lang='lat' dir='ltr'><strong>absoluto</strong></span> <span class='ocrx_word' id='word_1_182' title='bbox 907 2334 1035 2414; x_wconf 87' lang='lat' dir='ltr'><strong>peccato</strong></span> <span class='ocrx_word' id='word_1_183' title='bbox 1055 2327 1157 2394; x_wconf 81' lang='lat' dir='ltr'><strong>adhuc</strong></span> <span class='ocrx_word' id='word_1_184' title='bbox 1176 2328 1262 2394; x_wconf 84' lang='lat' dir='ltr'><strong>velut</strong></span> 
     </span>
     <span class='ocr_line' id='line_1_21' title="bbox 95 2431 1259 2516; baseline 0.003 -24"><span class='ocrx_word' id='word_1_185' title='bbox 95 2435 215 2493; x_wconf 81' lang='lat' dir='ltr'><strong>natura</strong></span> <span class='ocrx_word' id='word_1_186' title='bbox 228 2433 342 2494; x_wconf 87' lang='lat' dir='ltr'><strong>retinet</strong></span> <span class='ocrx_word' id='word_1_187' title='bbox 356 2433 548 2495; x_wconf 87' lang='lat' dir='ltr'><strong>incentivum</strong></span> <span class='ocrx_word' id='word_1_188' title='bbox 562 2431 699 2516; x_wconf 80' lang='lat' dir='ltr'><strong>peccati,</strong></span> <span class='ocrx_word' id='word_1_189' title='bbox 719 2431 801 2515; x_wconf 91' lang='lat' dir='ltr'><strong>quod</strong></span> <span class='ocrx_word' id='word_1_190' title='bbox 821 2433 888 2496; x_wconf 86' lang='lat' dir='ltr'><strong>eius</strong></span> <span class='ocrx_word' id='word_1_191' title='bbox 902 2433 1032 2498; x_wconf 88' lang='lat' dir='ltr'><strong>minime</strong></span> <span class='ocrx_word' id='word_1_192' title='bbox 1047 2433 1080 2496; x_wconf 91' lang='lat' dir='ltr'><strong>in</strong></span> <span class='ocrx_word' id='word_1_193' title='bbox 1096 2431 1259 2516; x_wconf 85' lang='lat' dir='ltr'><strong>dispenso·</strong></span> 
     </span>
     <span class='ocr_line' id='line_1_22' title="bbox 94 2533 1366 2626; baseline 0.002 -31"><span class='ocrx_word' id='word_1_194' title='bbox 94 2533 187 2596; x_wconf 91' lang='lat' dir='ltr'><strong>tione</strong></span> <span class='ocrx_word' id='word_1_195' title='bbox 199 2533 423 2598; x_wconf 84' lang='lat' dir='ltr'><strong>incarnationis</strong></span> <span class='ocrx_word' id='word_1_196' title='bbox 432 2533 574 2598; x_wconf 86' lang='lat' dir='ltr'><strong>Christus</strong></span> <span class='ocrx_word' id='word_1_197' title='bbox 586 2553 713 2600; x_wconf 84' lang='lat' dir='ltr'><strong>caruem</strong></span> <span class='ocrx_word' id='word_1_198' title='bbox 724 2535 907 2618; x_wconf 86' lang='lat' dir='ltr'><strong>susceperit,</strong></span> <span class='ocrx_word' id='word_1_199' title='bbox 919 2536 1007 2598; x_wconf 87' lang='lat' dir='ltr'><strong>cuius</strong></span> <span class='ocrx_word' id='word_1_200' title='bbox 1019 2535 1168 2600; x_wconf 81' lang='lat' dir='ltr'><strong>societate</strong></span> <span class='ocrx_word' id='word_1_201' title='bbox 1179 2534 1258 2598; x_wconf 83' lang='lat' dir='ltr'><strong>libe·</strong></span> <span class='ocrx_word' id='word_1_202' title='bbox 1361 2617 1366 2626; x_wconf 31' lang='lat'>¹</span> 
     </span>
     <span class='ocr_line' id='line_1_23' title="bbox 94 2635 1258 2720; baseline 0.004 -23"><span class='ocrx_word' id='word_1_203' title='bbox 94 2637 162 2698; x_wconf 89' lang='lat' dir='ltr'><strong>rari</strong></span> <span class='ocrx_word' id='word_1_204' title='bbox 177 2636 301 2719; x_wconf 85' lang='lat' dir='ltr'><strong>ponitus</strong></span> <span class='ocrx_word' id='word_1_205' title='bbox 316 2637 452 2719; x_wconf 85' lang='lat' dir='ltr'><strong>potuerit</strong></span> <span class='ocrx_word' id='word_1_206' title='bbox 466 2635 602 2702; x_wconf 83' lang='lat' dir='ltr'><strong>stimulis</strong></span> <span class='ocrx_word' id='word_1_207' title='bbox 617 2638 764 2702; x_wconf 85' lang='lat' dir='ltr'><strong>vitiorum</strong></span> <span class='ocrx_word' id='word_1_208' title='bbox 778 2635 866 2702; x_wconf 83' lang='lat' dir='ltr'><strong>Adae</strong></span> <span class='ocrx_word' id='word_1_209' title='bbox 881 2638 1146 2720; x_wconf 75' lang='lat' dir='ltr'><strong>praevaricatione</strong></span> <span class='ocrx_word' id='word_1_210' title='bbox 1162 2657 1258 2720; x_wconf 85' lang='lat' dir='ltr'><strong>quoe·</strong></span> 
     </span>
     <span class='ocr_line' id='line_1_24' title="bbox 95 2737 1260 2824; baseline 0.002 -22"><span class='ocrx_word' id='word_1_211' title='bbox 95 2739 180 2802; x_wconf 87' lang='lat' dir='ltr'><strong>sitis.</strong></span> <span class='ocrx_word' id='word_1_212' title='bbox 201 2737 302 2802; x_wconf 90' lang='lat' dir='ltr'><strong>Huius</strong></span> <span class='ocrx_word' id='word_1_213' title='bbox 317 2737 490 2821; x_wconf 70' lang='lat' dir='ltr'><strong>⁴Eutyches</strong></span> <span class='ocrx_word' id='word_1_214' title='bbox 504 2739 643 2804; x_wconf 81' lang='lat' dir='ltr'><strong>haeresis</strong></span> <span class='ocrx_word' id='word_1_215' title='bbox 658 2743 766 2804; x_wconf 88' lang='lat' dir='ltr'><strong>auctor</strong></span> <span class='ocrx_word' id='word_1_216' title='bbox 780 2738 950 2806; x_wconf 85' lang='lat' dir='ltr'><strong>ambitione</strong></span> <span class='ocrx_word' id='word_1_217' title='bbox 966 2741 1164 2824; x_wconf 81' lang='lat' dir='ltr'><strong>episcopatus</strong></span> <span class='ocrx_word' id='word_1_218' title='bbox 1179 2759 1260 2806; x_wconf 86' lang='lat' dir='ltr'><strong>nova</strong></span> 
     </span>
     <span class='ocr_line' id='line_1_25' title="bbox 95 2840 1257 2927; baseline 0.003 -23"><span class='ocrx_word' id='word_1_219' title='bbox 95 2859 320 2924; x_wconf 81' lang='lat' dir='ltr'><strong>praesumens,</strong></span> <span class='ocrx_word' id='word_1_220' title='bbox 348 2846 379 2904; x_wconf 89' lang='lat' dir='ltr'><strong>et</strong></span> <span class='ocrx_word' id='word_1_221' title='bbox 405 2847 548 2906; x_wconf 85' lang='lat' dir='ltr'><strong>sonetum</strong></span> <span class='ocrx_word' id='word_1_222' title='bbox 572 2841 754 2908; x_wconf 79' lang='lat' dir='ltr'><strong>Florianum</strong></span> <span class='ocrx_word' id='word_1_223' title='bbox 780 2840 1144 2927; x_wconf 80' lang='lat' dir='ltr'><strong>Constantinopolitanae</strong></span> <span class='ocrx_word' id='word_1_224' title='bbox 1170 2843 1257 2908; x_wconf 89' lang='lat' dir='ltr'><strong>urbis</strong></span> 
     </span>
     <span class='ocr_line' id='line_1_26' title="bbox 94 2941 1258 3026; baseline 0.008 -21"><span class='ocrx_word' id='word_1_225' title='bbox 94 2943 280 3025; x_wconf 84' lang='lat' dir='ltr'><strong>pontificem</strong></span> <span class='ocrx_word' id='word_1_226' title='bbox 287 2943 409 3008; x_wconf 84' lang='lat' dir='ltr'><strong>exulem</strong></span> <span class='ocrx_word' id='word_1_227' title='bbox 417 2945 496 3008; x_wconf 91' lang='lat' dir='ltr'><strong>mori</strong></span> <span class='ocrx_word' id='word_1_228' title='bbox 505 2943 590 3026; x_wconf 83' lang='lat' dir='ltr'><strong>lecit,</strong></span> <span class='ocrx_word' id='word_1_229' title='bbox 602 2941 878 3010; x_wconf 74' lang='lat' dir='ltr'><strong>et⁵Alexaudrinis</strong></span> <span class='ocrx_word' id='word_1_230' title='bbox 891 2941 1092 3012; x_wconf 85' lang='lat' dir='ltr'><strong>discessionis</strong></span> <span class='ocrx_word' id='word_1_231' title='bbox 1103 2945 1143 3011; x_wconf 89' lang='lat' dir='ltr'><strong>ab</strong></span> <span class='ocrx_word' id='word_1_232' title='bbox 1156 2944 1258 3014; x_wconf 86' lang='lat' dir='ltr'><strong>eccle·</strong></span> 
     </span>
     <span class='ocr_line' id='line_1_27' title="bbox 96 3043 485 3112; baseline 0.003 -4"><span class='ocrx_word' id='word_1_233' title='bbox 96 3047 147 3110; x_wconf 85' lang='lat' dir='ltr'><strong>sia</strong></span> <span class='ocrx_word' id='word_1_234' title='bbox 160 3043 372 3110; x_wconf 69' lang='lat' dir='ltr'><strong>‘occasionem</strong></span> <span class='ocrx_word' id='word_1_235' title='bbox 389 3045 485 3112; x_wconf 87' lang='lat' dir='ltr'><strong>dedit.</strong></span> 
     </span>
     <span class='ocr_line' id='line_1_28' title="bbox 161 3145 1396 3235; baseline 0 -23"><span class='ocrx_word' id='word_1_236' title='bbox 161 3147 380 3214; x_wconf 65' lang='lat' dir='ltr'><strong>timotheani·</strong></span> <span class='ocrx_word' id='word_1_237' title='bbox 395 3149 503 3216; x_wconf 88' lang='lat' dir='ltr'><strong>dicunt</strong></span> <span class='ocrx_word' id='word_1_238' title='bbox 517 3149 616 3214; x_wconf 88' lang='lat' dir='ltr'><strong>lilium</strong></span> <span class='ocrx_word' id='word_1_239' title='bbox 631 3147 681 3214; x_wconf 92' lang='lat' dir='ltr'><strong>dei</strong></span> <span class='ocrx_word' id='word_1_240' title='bbox 696 3145 822 3214; x_wconf 81' lang='lat' dir='ltr'><strong>¹v&#39;erum</strong></span> <span class='ocrx_word' id='word_1_241' title='bbox 837 3149 1135 3235; x_wconf 88' lang='lat' dir='ltr'><strong>quidemhominsm</strong></span> <span class='ocrx_word' id='word_1_242' title='bbox 1145 3156 1259 3220; x_wconf 86' lang='lat' dir='ltr'><strong>exvir·</strong></span> <span class='ocrx_word' id='word_1_243' title='bbox 1277 3157 1328 3212; x_wconf 65' lang='lat' dir='ltr'><strong>Ceo</strong></span> <span class='ocrx_word' id='word_1_244' title='bbox 1341 3159 1396 3202; x_wconf 72' lang='lat' dir='ltr'><strong>ut·</strong></span> 
     </span>
    </p>

    <p class='ocr_par' dir='ltr' id='par_1_3' title="bbox 94 3249 1259 3749">
     <span class='ocr_line' id='line_1_29' title="bbox 94 3249 1259 3339; baseline 0.009 -27"><span class='ocrx_word' id='word_1_245' title='bbox 94 3251 170 3331; x_wconf 87' lang='lat' dir='ltr'><strong>gine</strong></span> <span class='ocrx_word' id='word_1_246' title='bbox 184 3249 282 3314; x_wconf 82' lang='lat' dir='ltr'><strong>lilerio</strong></span> <span class='ocrx_word' id='word_1_247' title='bbox 296 3257 421 3332; x_wconf 83' lang='lat' dir='ltr'><strong>natum,</strong></span> <span class='ocrx_word' id='word_1_248' title='bbox 440 3251 495 3316; x_wconf 87' lang='lat' dir='ltr'><strong>sed</strong></span> <span class='ocrx_word' id='word_1_249' title='bbox 510 3273 574 3316; x_wconf 92' lang='lat' dir='ltr'><strong>non</strong></span> <span class='ocrx_word' id='word_1_250' title='bbox 588 3253 632 3316; x_wconf 88' lang='lat' dir='ltr'><strong>ite</strong></span> <span class='ocrx_word' id='word_1_251' title='bbox 646 3273 742 3317; x_wconf 87' lang='lat' dir='ltr'><strong>unam</strong></span> <span class='ocrx_word' id='word_1_252' title='bbox 756 3251 931 3320; x_wconf 89' lang='lat' dir='ltr'><strong>reddidisse</strong></span> <span class='ocrx_word' id='word_1_253' title='bbox 946 3274 1127 3339; x_wconf 88' lang='lat' dir='ltr'><strong>personam,</strong></span> <span class='ocrx_word' id='word_1_254' title='bbox 1147 3261 1259 3322; x_wconf 89' lang='lat' dir='ltr'><strong>utnon</strong></span> 
     </span>
     <span class='ocr_line' id='line_1_30' title="bbox 95 3349 1258 3440; baseline 0.007 -24"><span class='ocrx_word' id='word_1_255' title='bbox 95 3353 132 3416; x_wconf 90' lang='lat' dir='ltr'><strong>in</strong></span> <span class='ocrx_word' id='word_1_256' title='bbox 153 3349 267 3418; x_wconf 74' lang='lat' dir='ltr'><strong>&#39;unam</strong></span> <span class='ocrx_word' id='word_1_257' title='bbox 289 3353 433 3418; x_wconf 74' lang='lat' dir='ltr'><strong>redactus</strong></span> <span class='ocrx_word' id='word_1_258' title='bbox 456 3353 498 3420; x_wconf 86' lang='lat' dir='ltr'><strong>sit</strong></span> <span class='ocrx_word' id='word_1_259' title='bbox 512 3360 670 3434; x_wconf 70' lang='lat' dir='ltr'><strong>naturam</strong></span> <span class='ocrx_word' id='word_1_260' title='bbox 692 3355 909 3422; x_wconf 87' lang='lat' dir='ltr'><strong>conflatorium</strong></span> <span class='ocrx_word' id='word_1_261' title='bbox 933 3357 1093 3440; x_wconf 78' lang='lat' dir='ltr'><strong>quoddam</strong></span> <span class='ocrx_word' id='word_1_262' title='bbox 1117 3357 1258 3424; x_wconf 82' lang='lat' dir='ltr'><strong>volentes</strong></span> 
     </span>
     <span class='ocr_line' id='line_1_31' title="bbox 95 3455 1258 3542; baseline 0.007 -22"><span class='ocrx_word' id='word_1_263' title='bbox 95 3455 194 3520; x_wconf 72' lang='lat' dir='ltr'><strong>finisse</strong></span> <span class='ocrx_word' id='word_1_264' title='bbox 205 3457 354 3520; x_wconf 85' lang='lat' dir='ltr'><strong>interiora</strong></span> <span class='ocrx_word' id='word_1_265' title='bbox 365 3458 506 3539; x_wconf 81' lang='lat' dir='ltr'><strong>virginis,</strong></span> <span class='ocrx_word' id='word_1_266' title='bbox 516 3477 574 3542; x_wconf 89' lang='lat' dir='ltr'><strong>per</strong></span> <span class='ocrx_word' id='word_1_267' title='bbox 584 3457 667 3542; x_wconf 88' lang='lat' dir='ltr'><strong>quod</strong></span> <span class='ocrx_word' id='word_1_268' title='bbox 678 3457 758 3524; x_wconf 89' lang='lat' dir='ltr'><strong>duae</strong></span> <span class='ocrx_word' id='word_1_269' title='bbox 770 3465 910 3540; x_wconf 83' lang='lat' dir='ltr'><strong>naturae,</strong></span> <span class='ocrx_word' id='word_1_270' title='bbox 921 3459 954 3524; x_wconf 92' lang='lat' dir='ltr'><strong>id</strong></span> <span class='ocrx_word' id='word_1_271' title='bbox 965 3465 1014 3524; x_wconf 90' lang='lat' dir='ltr'><strong>est</strong></span> <span class='ocrx_word' id='word_1_272' title='bbox 1025 3459 1101 3526; x_wconf 86' lang='lat' dir='ltr'><strong>deus</strong></span> <span class='ocrx_word' id='word_1_273' title='bbox 1113 3460 1258 3542; x_wconf 82' lang='lat' dir='ltr'><strong>ethome,</strong></span> 
     </span>
     <span class='ocr_line' id='line_1_32' title="bbox 95 3557 1257 3646; baseline 0.009 -26"><span class='ocrx_word' id='word_1_274' title='bbox 95 3558 130 3622; x_wconf 90' lang='lat' dir='ltr'><strong>iu</strong></span> <span class='ocrx_word' id='word_1_275' title='bbox 146 3577 242 3622; x_wconf 84' lang='lat' dir='ltr'><strong>uuam</strong></span> <span class='ocrx_word' id='word_1_276' title='bbox 257 3557 410 3624; x_wconf 88' lang='lat' dir='ltr'><strong>resolutae</strong></span> <span class='ocrx_word' id='word_1_277' title='bbox 427 3565 458 3622; x_wconf 91' lang='lat' dir='ltr'><strong>ct</strong></span> <span class='ocrx_word' id='word_1_278' title='bbox 473 3566 652 3646; x_wconf 83' lang='lat' dir='ltr'><strong>compactos</strong></span> <span class='ocrx_word' id='word_1_279' title='bbox 672 3581 810 3628; x_wconf 76' lang='lat' dir='ltr'><strong>massam</strong></span> <span class='ocrx_word' id='word_1_280' title='bbox 828 3583 923 3626; x_wconf 85' lang='lat' dir='ltr'><strong>unam</strong></span> <span class='ocrx_word' id='word_1_281' title='bbox 939 3561 989 3626; x_wconf 90' lang='lat' dir='ltr'><strong>dci</strong></span> <span class='ocrx_word' id='word_1_282' title='bbox 1005 3569 1037 3628; x_wconf 87' lang='lat' dir='ltr'><strong>et</strong></span> <span class='ocrx_word' id='word_1_283' title='bbox 1051 3562 1187 3630; x_wconf 86' lang='lat' dir='ltr'><strong>hominis</strong></span> <span class='ocrx_word' id='word_1_284' title='bbox 1202 3585 1257 3630; x_wconf 89' lang='lat' dir='ltr'><strong>ox·</strong></span> 
     </span>
     <span class='ocr_line' id='line_1_33' title="bbox 94 3657 1257 3749; baseline 0.007 -25"><span class='ocrx_word' id='word_1_285' title='bbox 94 3657 255 3724; x_wconf 87' lang='lat' dir='ltr'><strong>hibuerint</strong></span> <span class='ocrx_word' id='word_1_286' title='bbox 266 3660 409 3743; x_wconf 80' lang='lat' dir='ltr'><strong>sormam,</strong></span> <span class='ocrx_word' id='word_1_287' title='bbox 423 3661 605 3728; x_wconf 79' lang='lat' dir='ltr'><strong>³immututa</strong></span> <span class='ocrx_word' id='word_1_288' title='bbox 615 3662 763 3729; x_wconf 89' lang='lat' dir='ltr'><strong>videlicet</strong></span> <span class='ocrx_word' id='word_1_289' title='bbox 773 3669 956 3730; x_wconf 83' lang='lat' dir='ltr'><strong>naturarum</strong></span> <span class='ocrx_word' id='word_1_290' title='bbox 967 3666 1155 3749; x_wconf 87' lang='lat' dir='ltr'><strong>proprietate</strong></span> <span class='ocrx_word' id='word_1_291' title='bbox 1171 3667 1257 3732; x_wconf 71' lang='lat' dir='ltr'><strong>*effi-</strong></span> 
     </span>
    </p>
   </div>
   <div class='ocr_carea' id='block_1_3' title="bbox 94 3810 1258 3934">
    <p class='ocr_par' dir='ltr' id='par_1_4' title="bbox 94 3810 1258 3934">
     <span class='ocr_line' id='line_1_34' title="bbox 94 3810 1258 3932; baseline 0.008 -69"><span class='ocrx_word' id='word_1_292' title='bbox 94 3883 118 3932; x_wconf 51' lang='lat' dir='ltr'>u</span> <span class='ocrx_word' id='word_1_293' title='bbox 146 3810 500 3930; x_wconf 47' lang='lat' dir='ltr'><strong>e.5osdclitatuse&#39;0retor.1.t</strong></span> <span class='ocrx_word' id='word_1_294' title='bbox 517 3814 670 3868; x_wconf 85' lang='lat' dir='ltr'><strong>suscitatum</strong></span> <span class='ocrx_word' id='word_1_295' title='bbox 686 3815 754 3868; x_wconf 81' lang='lat' dir='ltr'><strong>Meo.</strong></span> <span class='ocrx_word' id='word_1_296' title='bbox 806 3815 1258 3890; x_wconf 74' lang='lat' dir='ltr'><strong>7.porrocioiumcore10r.r.1.po-</strong></span> 
     </span>
     <span class='ocr_line' id='line_1_35' title="bbox 119 3895 288 3934; baseline -0.018 0"><span class='ocrx_word' id='word_1_297' title='bbox 119 3895 212 3934; x_wconf 85' lang='lat' dir='ltr'><strong>ucmus</strong></span> <span class='ocrx_word' id='word_1_298' title='bbox 252 3899 288 3932; x_wconf 82' lang='lat' dir='ltr'><strong>so.</strong></span> 
     </span>
    </p>
   </div>
   <div class='ocr_carea' id='block_1_4' title="bbox 92 3946 1257 4152">
    <p class='ocr_par' dir='ltr' id='par_1_5' title="bbox 92 3946 1257 4152">
     <span class='ocr_line' id='line_1_36' title="bbox 148 3946 1257 4021; baseline 0.01 -22"><span class='ocrx_word' id='word_1_299' title='bbox 148 3946 211 4017; x_wconf 87' lang='lat' dir='ltr'><strong>Cep.</strong></span> <span class='ocrx_word' id='word_1_300' title='bbox 224 3947 281 4001; x_wconf 86' lang='lat' dir='ltr'><strong>XL.</strong></span> <span class='ocrx_word' id='word_1_301' title='bbox 294 3978 327 3988; x_wconf 94' lang='lat'><em>-</em></span> <span class='ocrx_word' id='word_1_302' title='bbox 349 3951 371 4004; x_wconf 93' lang='lat'><strong>1.</strong></span> <span class='ocrx_word' id='word_1_303' title='bbox 383 3951 466 4006; x_wconf 82' lang='lat' dir='ltr'><strong>solum</strong></span> <span class='ocrx_word' id='word_1_304' title='bbox 479 3951 573 4004; x_wconf 74' lang='lat' dir='ltr'><strong>Isidrr.</strong></span> <span class='ocrx_word' id='word_1_305' title='bbox 625 3951 649 4008; x_wconf 77' lang='lat'><strong>2.</strong></span> <span class='ocrx_word' id='word_1_306' title='bbox 661 3950 816 4021; x_wconf 77' lang='lat' dir='ltr'><strong>Eutychiani</strong></span> <span class='ocrx_word' id='word_1_307' title='bbox 834 3955 912 4006; x_wconf 77' lang='lat' dir='ltr'><strong>codes</strong></span> <span class='ocrx_word' id='word_1_308' title='bbox 927 3971 972 4006; x_wconf 80' lang='lat' dir='ltr'><strong>ros.</strong></span> <span class='ocrx_word' id='word_1_309' title='bbox 982 3953 1031 4006; x_wconf 83' lang='lat' dir='ltr'><strong>Sti.</strong></span> <span class='ocrx_word' id='word_1_310' title='bbox 1050 3953 1160 4008; x_wconf 72' lang='lat' dir='ltr'><strong>Victoris</strong></span> <span class='ocrx_word' id='word_1_311' title='bbox 1171 3957 1257 4010; x_wconf 72' lang='lat' dir='ltr'><strong>Perrh.</strong></span> 
     </span>
     <span class='ocr_line' id='line_1_37' title="bbox 94 4014 1257 4092; baseline 0.009 -24"><span class='ocrx_word' id='word_1_312' title='bbox 94 4014 118 4068; x_wconf 83' lang='grc'><strong>3.</strong></span> <span class='ocrx_word' id='word_1_313' title='bbox 139 4015 224 4068; x_wconf 78' lang='lat' dir='ltr'><strong>Verte</strong></span> <span class='ocrx_word' id='word_1_314' title='bbox 237 4017 268 4069; x_wconf 92' lang='lat' dir='ltr'><strong>de</strong></span> <span class='ocrx_word' id='word_1_315' title='bbox 277 4023 345 4070; x_wconf 84' lang='lat' dir='ltr'><strong>terra</strong></span> <span class='ocrx_word' id='word_1_316' title='bbox 355 4025 479 4083; x_wconf 85' lang='lat' dir='ltr'><strong>terrenus,</strong></span> <span class='ocrx_word' id='word_1_317' title='bbox 491 4019 620 4074; x_wconf 87' lang='lat' dir='ltr'><strong>secundus</strong></span> <span class='ocrx_word' id='word_1_318' title='bbox 630 4019 707 4073; x_wconf 90' lang='lat' dir='ltr'><strong>homo</strong></span> <span class='ocrx_word' id='word_1_319' title='bbox 718 4023 896 4074; x_wconf 67' lang='lat' dir='ltr'><strong>desideratur</strong></span> <span class='ocrx_word' id='word_1_320' title='bbox 905 4021 1141 4092; x_wconf 83' lang='lat' dir='ltr'><strong>cpudMeoordcru.</strong></span> <span class='ocrx_word' id='word_1_321' title='bbox 1176 4025 1257 4078; x_wconf 65' lang='lat' dir='ltr'><strong>sttu-</strong></span> 
     </span>
     <span class='ocr_line' id='line_1_38' title="bbox 92 4082 919 4152; baseline 0.006 -16"><span class='ocrx_word' id='word_1_322' title='bbox 92 4082 178 4152; x_wconf 75' lang='lat' dir='ltr'><strong>tyehis</strong></span> <span class='ocrx_word' id='word_1_323' title='bbox 191 4083 257 4136; x_wconf 76' lang='lat' dir='ltr'><strong>ileo.</strong></span> <span class='ocrx_word' id='word_1_324' title='bbox 310 4085 334 4140; x_wconf 82' lang='lat'><strong>5.</strong></span> <span class='ocrx_word' id='word_1_325' title='bbox 346 4087 540 4140; x_wconf 83' lang='lat' dir='ltr'><strong>Alexandrinus</strong></span> <span class='ocrx_word' id='word_1_326' title='bbox 553 4087 620 4140; x_wconf 79' lang='lat' dir='ltr'><strong>dien.</strong></span> <span class='ocrx_word' id='word_1_327' title='bbox 673 4089 696 4142; x_wconf 87' lang='grc'><strong>6.</strong></span> <span class='ocrx_word' id='word_1_328' title='bbox 710 4089 841 4143; x_wconf 78' lang='lat' dir='ltr'><strong>occasioni</strong></span> <span class='ocrx_word' id='word_1_329' title='bbox 852 4089 919 4142; x_wconf 71' lang='lat' dir='ltr'><strong>,ileo</strong></span> 
     </span>
    </p>
   </div>
   <div class='ocr_carea' id='block_1_5' title="bbox 95 4153 1257 4278">
    <p class='ocr_par' dir='ltr' id='par_1_6' title="bbox 95 4153 1257 4278">
     <span class='ocr_line' id='line_1_39' title="bbox 146 4153 1257 4222; baseline 0.011 -18"><span class='ocrx_word' id='word_1_330' title='bbox 146 4153 207 4222; x_wconf 82' lang='lat' dir='ltr'><strong>Cap.</strong></span> <span class='ocrx_word' id='word_1_331' title='bbox 220 4153 289 4206; x_wconf 89' lang='lat' dir='ltr'>XLI.</span> <span class='ocrx_word' id='word_1_332' title='bbox 302 4185 335 4194; x_wconf 92' lang='lat'>-</span> <span class='ocrx_word' id='word_1_333' title='bbox 350 4155 370 4207; x_wconf 93' lang='lat' dir='ltr'><strong>l.</strong></span> <span class='ocrx_word' id='word_1_334' title='bbox 383 4156 491 4208; x_wconf 85' lang='lat' dir='ltr'><strong>verbum</strong></span> <span class='ocrx_word' id='word_1_335' title='bbox 503 4155 569 4211; x_wconf 82' lang='lat' dir='ltr'><strong>Meo.</strong></span> <span class='ocrx_word' id='word_1_336' title='bbox 622 4155 645 4210; x_wconf 74' lang='grc' dir='ltr'><strong>ἱ).</strong></span> <span class='ocrx_word' id='word_1_337' title='bbox 658 4171 710 4210; x_wconf 81' lang='lat' dir='ltr'><strong>uria</strong></span> <span class='ocrx_word' id='word_1_338' title='bbox 722 4157 839 4210; x_wconf 86' lang='lat' dir='ltr'><strong>redactus</strong></span> <span class='ocrx_word' id='word_1_339' title='bbox 852 4159 887 4212; x_wconf 86' lang='lat' dir='ltr'><strong>sit</strong></span> <span class='ocrx_word' id='word_1_340' title='bbox 898 4163 991 4212; x_wconf 83' lang='lat' dir='ltr'><strong>nutura</strong></span> <span class='ocrx_word' id='word_1_341' title='bbox 1003 4159 1069 4212; x_wconf 81' lang='lat' dir='ltr'><strong>Men.</strong></span> <span class='ocrx_word' id='word_1_342' title='bbox 1121 4157 1145 4214; x_wconf 88' lang='grc'><strong>3.</strong></span> <span class='ocrx_word' id='word_1_343' title='bbox 1158 4161 1185 4214; x_wconf 89' lang='lat' dir='ltr'><strong>in</strong></span> <span class='ocrx_word' id='word_1_344' title='bbox 1197 4177 1257 4216; x_wconf 89' lang='lat' dir='ltr'><strong>mu·</strong></span> 
     </span>
     <span class='ocr_line' id='line_1_40' title="bbox 95 4221 618 4278; baseline 0.013 -7"><span class='ocrx_word' id='word_1_345' title='bbox 95 4225 177 4274; x_wconf 81' lang='lat' dir='ltr'><strong>tetam</strong></span> <span class='ocrx_word' id='word_1_346' title='bbox 189 4221 257 4273; x_wconf 40' lang='lat' dir='ltr'><strong>sileri.</strong></span> <span class='ocrx_word' id='word_1_347' title='bbox 314 4221 338 4274; x_wconf 82' lang='grc'><strong>4.</strong></span> <span class='ocrx_word' id='word_1_348' title='bbox 351 4223 539 4277; x_wconf 83' lang='lat' dir='ltr'><strong>sfdccrrtisrum</strong></span> <span class='ocrx_word' id='word_1_349' title='bbox 551 4223 618 4278; x_wconf 81' lang='lat' dir='ltr'><strong>Meo.</strong></span> 
     </span>
    </p>
   </div>
   <div class='ocr_carea' id='block_1_6' title="bbox 92 4356 1257 4774">
    <p class='ocr_par' dir='ltr' id='par_1_7' title="bbox 92 4356 1257 4706">
     <span class='ocr_line' id='line_1_41' title="bbox 126 4356 1255 4436; baseline 0.011 -26"><span class='ocrx_word' id='word_1_350' title='bbox 126 4356 190 4428; x_wconf 90' lang='lat' dir='ltr'><strong>Cap.</strong></span> <span class='ocrx_word' id='word_1_351' title='bbox 197 4358 480 4414; x_wconf 58' lang='lat' dir='ltr'><strong>xli-adutrrhioni</strong></span> <span class='ocrx_word' id='word_1_352' title='bbox 486 4359 558 4428; x_wconf 90' lang='lat' dir='ltr'><strong>dicti]</strong></span> <span class='ocrx_word' id='word_1_353' title='bbox 565 4361 650 4414; x_wconf 85' lang='lat' dir='ltr'><strong>Verba</strong></span> <span class='ocrx_word' id='word_1_354' title='bbox 734 4377 756 4414; x_wconf 89' lang='lat' dir='ltr'><strong>c.</strong></span> <span class='ocrx_word' id='word_1_355' title='bbox 773 4359 805 4414; x_wconf 87' lang='lat' dir='ltr'><strong>de</strong></span> <span class='ocrx_word' id='word_1_356' title='bbox 816 4363 888 4416; x_wconf 88' lang='lat' dir='ltr'><strong>eaelo</strong></span> <span class='ocrx_word' id='word_1_357' title='bbox 900 4363 1031 4430; x_wconf 84' lang='lat' dir='ltr'><strong>coelestis]</strong></span> <span class='ocrx_word' id='word_1_358' title='bbox 1046 4363 1067 4420; x_wconf 93' lang='lat' dir='ltr'><strong>l.</strong></span> <span class='ocrx_word' id='word_1_359' title='bbox 1075 4365 1133 4420; x_wconf 88' lang='lat' dir='ltr'><strong>Cor.</strong></span> <span class='ocrx_word' id='word_1_360' title='bbox 1145 4367 1204 4436; x_wconf 84' lang='lat' dir='ltr'><strong>XV,</strong></span> <span class='ocrx_word' id='word_1_361' title='bbox 1213 4368 1255 4424; x_wconf 85' lang='grc'><strong>47.</strong></span> 
     </span>
     <span class='ocr_line' id='line_1_42' title="bbox 95 4415 1257 4504; baseline 0.011 -26"><span class='ocrx_word' id='word_1_362' title='bbox 95 4425 266 4494; x_wconf 81' lang='lat' dir='ltr'><strong>‚Eutychiani</strong></span> <span class='ocrx_word' id='word_1_363' title='bbox 282 4427 342 4479; x_wconf 85' lang='lat' dir='ltr'><strong>dicti</strong></span> <span class='ocrx_word' id='word_1_364' title='bbox 360 4415 393 4480; x_wconf 81' lang='lat' dir='ltr'><strong>alr</strong></span> <span class='ocrx_word' id='word_1_365' title='bbox 405 4427 520 4498; x_wconf 85' lang='lat' dir='ltr'><strong>Eutyche</strong></span> <span class='ocrx_word' id='word_1_366' title='bbox 533 4459 565 4468; x_wconf 92' lang='lat'><em>-</em></span> <span class='ocrx_word' id='word_1_367' title='bbox 574 4459 649 4468; x_wconf 89' lang='lat'><strong>——</strong></span> <span class='ocrx_word' id='word_1_368' title='bbox 734 4429 796 4499; x_wconf 86' lang='lat' dir='ltr'><strong>Cap.</strong></span> <span class='ocrx_word' id='word_1_369' title='bbox 808 4431 876 4486; x_wconf 85' lang='lat' dir='ltr'>XLI.</span> <span class='ocrx_word' id='word_1_370' title='bbox 890 4459 923 4470; x_wconf 89' lang='lat'><strong>·-</strong></span> <span class='ocrx_word' id='word_1_371' title='bbox 934 4447 958 4484; x_wconf 85' lang='lat' dir='ltr'><strong>s.</strong></span> <span class='ocrx_word' id='word_1_372' title='bbox 970 4431 1143 4504; x_wconf 83' lang='lat' dir='ltr'><strong>Timotheaui]</strong></span> <span class='ocrx_word' id='word_1_373' title='bbox 1161 4437 1257 4492; x_wconf 87' lang='lat' dir='ltr'><strong>llocde</strong></span> 
     </span>
     <span class='ocr_line' id='line_1_43' title="bbox 92 4495 1256 4572; baseline 0.014 -27"><span class='ocrx_word' id='word_1_374' title='bbox 92 4495 204 4547; x_wconf 85' lang='lat' dir='ltr'><strong>asseruit</strong></span> <span class='ocrx_word' id='word_1_375' title='bbox 215 4511 271 4547; x_wconf 86' lang='lat' dir='ltr'><strong>esse</strong></span> <span class='ocrx_word' id='word_1_376' title='bbox 287 4497 422 4549; x_wconf 86' lang='lat' dir='ltr'><strong>nnturonr”</strong></span> <span class='ocrx_word' id='word_1_377' title='bbox 437 4515 489 4550; x_wconf 89' lang='lat' dir='ltr'><strong>non</strong></span> <span class='ocrx_word' id='word_1_378' title='bbox 508 4503 569 4552; x_wconf 88' lang='lat' dir='ltr'><strong>sunt</strong></span> <span class='ocrx_word' id='word_1_379' title='bbox 581 4497 649 4551; x_wconf 88' lang='lat' dir='ltr'><strong>Gen·</strong></span> <span class='ocrx_word' id='word_1_380' title='bbox 699 4497 928 4554; x_wconf 81' lang='lat' dir='ltr'><strong>Timothesnorum</strong></span> <span class='ocrx_word' id='word_1_381' title='bbox 940 4499 1043 4556; x_wconf 84' lang='lat' dir='ltr'><strong>haeresi</strong></span> <span class='ocrx_word' id='word_1_382' title='bbox 1054 4503 1196 4572; x_wconf 82' lang='lat' dir='ltr'><strong>capitulum</strong></span> <span class='ocrx_word' id='word_1_383' title='bbox 1210 4507 1256 4560; x_wconf 82' lang='lat' dir='ltr'><strong>oc·-</strong></span> 
     </span>
     <span class='ocr_line' id='line_1_44' title="bbox 92 4561 1255 4638; baseline 0.011 -24"><span class='ocrx_word' id='word_1_384' title='bbox 92 4561 177 4626; x_wconf 79' lang='lat' dir='ltr'><strong>nodii,</strong></span> <span class='ocrx_word' id='word_1_385' title='bbox 201 4563 246 4616; x_wconf 86' lang='lat' dir='ltr'><strong>sod</strong></span> <span class='ocrx_word' id='word_1_386' title='bbox 268 4563 368 4617; x_wconf 89' lang='lat' dir='ltr'><strong>lsidori.</strong></span> <span class='ocrx_word' id='word_1_387' title='bbox 401 4563 536 4634; x_wconf 76' lang='lat' dir='ltr'><strong>leguntur</strong></span> <span class='ocrx_word' id='word_1_388' title='bbox 559 4565 648 4638; x_wconf 80' lang='lat' dir='ltr'><strong>Origg.</strong></span> <span class='ocrx_word' id='word_1_389' title='bbox 700 4583 743 4620; x_wconf 86' lang='lat' dir='ltr'><strong>em</strong></span> <span class='ocrx_word' id='word_1_390' title='bbox 755 4568 879 4638; x_wconf 86' lang='lat' dir='ltr'><strong>reperitur</strong></span> <span class='ocrx_word' id='word_1_391' title='bbox 894 4569 974 4638; x_wconf 82' lang='lat' dir='ltr'><strong>vulgo</strong></span> <span class='ocrx_word' id='word_1_392' title='bbox 992 4587 1125 4624; x_wconf 83' lang='lat' dir='ltr'><strong>annexum</strong></span> <span class='ocrx_word' id='word_1_393' title='bbox 1137 4572 1255 4627; x_wconf 88' lang='lat' dir='ltr'><strong>editioni-</strong></span> 
     </span>
     <span class='ocr_line' id='line_1_45' title="bbox 94 4629 1253 4706; baseline 0.01 -20"><span class='ocrx_word' id='word_1_394' title='bbox 94 4629 250 4696; x_wconf 79' lang='lat' dir='ltr'><strong>v1u‚5‚65.</strong></span> <span class='ocrx_word' id='word_1_395' title='bbox 699 4635 1253 4706; x_wconf 77' lang='lat' dir='ltr'><strong>busAugustinianidellsoresihuslibolli.</strong></span> 
     </span>
    </p>

    <p class='ocr_par' dir='ltr' id='par_1_8' title="bbox 127 4699 1119 4774">
     <span class='ocr_line' id='line_1_46' title="bbox 127 4699 1119 4774; baseline 0.011 -22"><span class='ocrx_word' id='word_1_396' title='bbox 127 4701 153 4754; x_wconf 93' lang='lat' dir='ltr'><strong>b.</strong></span> <span class='ocrx_word' id='word_1_397' title='bbox 170 4699 199 4754; x_wconf 92' lang='lat' dir='ltr'><strong>ln</strong></span> <span class='ocrx_word' id='word_1_398' title='bbox 211 4700 418 4762; x_wconf 82' lang='lat' dir='ltr'><strong>similitudinem]</strong></span> <span class='ocrx_word' id='word_1_399' title='bbox 433 4701 542 4774; x_wconf 89' lang='lat' dir='ltr'><strong>Philipp.</strong></span> <span class='ocrx_word' id='word_1_400' title='bbox 554 4703 586 4771; x_wconf 82' lang='lat' dir='ltr'><strong>ll,</strong></span> <span class='ocrx_word' id='word_1_401' title='bbox 599 4705 623 4760; x_wconf 84' lang='grc'><strong>7.</strong></span> <span class='ocrx_word' id='word_1_402' title='bbox 700 4704 738 4759; x_wconf 79' lang='lat' dir='ltr'><strong>Gt</strong></span> <span class='ocrx_word' id='word_1_403' title='bbox 751 4705 874 4760; x_wconf 71' lang='lat' dir='ltr'><strong>adnotma</strong></span> <span class='ocrx_word' id='word_1_404' title='bbox 884 4705 1119 4763; x_wconf 86' lang='lat' dir='ltr'><strong>Benedictinorum.</strong></span> 
     </span>
    </p>
   </div>
   <div class='ocr_carea' id='block_1_7' title="bbox 0 0 1576 4994">
    <p class='ocr_par' dir='ltr' id='par_1_9' title="bbox 0 0 1576 4994">
     <span class='ocr_line' id='line_1_47' title="bbox 0 0 1576 4994; baseline 0 0"><span class='ocrx_word' id='word_1_405' title='bbox 0 0 1576 4994; x_wconf 95' lang='lat' dir='ltr'><strong> </strong></span> 
     </span>
    </p>
   </div>
  </div>
 </body>
</html>
