3144 4986
293 251 334 319 50
799 249 950 292 snmssrsr

292 411 447 495 principia
462 408 604 473 adseram
616 411 794 474 coaeterna:
810 410 965 490 egoenim
975 427 1072 472 unum
1084 409 1274 493 principium
1284 427 1353 472 esse
1364 427 1454 494 prae·

294 513 373 596 dico,
388 512 500 596 ³quem
511 511 602 576 doum
615 531 778 595 cognosco,
790 513 843 594 qui
856 512 932 576 deus
944 511 1018 575 lecit
1029 511 1168 593 angelos,
1183 511 1258 576 lecit
1269 513 1366 576 etiam
1376 511 1453 576 slte-

292 637 359 680 ram
372 618 531 697 virtutem,
546 615 658 698 ⁴quern
673 613 767 680 deum
781 616 846 678 scio
863 633 931 678 esse
947 613 1155 695 seeundum,
1176 617 1229 700 qui
1245 621 1277 678 et
1290 617 1390 680 virtus
1405 613 1455 680 dsi

292 727 350 802 est,
366 739 444 803 quae
459 721 534 783 lecit
552 717 731 782 ⁵mundum.
760 717 819 782 llio
836 724 941 782 autern
959 717 1046 797 deus,
1061 720 1115 800 qui
1126 718 1201 782 iecit
1216 717 1379 800 mundum,
1393 737 1454 782 non

293 829 351 904 est,
366 825 479 907 inquit,
494 822 613 902 bonus,
628 826 664 884 ut
678 820 730 885 ille
746 822 800 903 qui
814 819 890 884 feeit
903 819 1006 884 illum:
1022 819 1182 886 subiectus
1197 821 1322 886 8autenr
1335 827 1384 886 est
1397 819 1454 886 deo

290 926 337 990 illi
358 947 378 989 a
397 945 456 1009 qno
477 933 510 988 et
529 926 630 990 laetus
651 930 699 986 est
714 925 789 1003 iste,
811 925 863 1006 qui
878 930 911 986 et
925 925 1015 987 nutui
1035 929 1067 986 et
1088 925 1219 990 iussioni
1234 929 1267 988 et
1280 926 1454 1009 praeceptis

291 1035 380 1115 paret
395 1028 478 1093 illins
494 1029 527 1091 in
544 1025 719 1092 omnibus‘l
744 1026 839 1089 Cuius
855 1026 964 1090 Ariani
979 1045 1063 1090 nune
1079 1033 1257 1092 consortes·
1272 1033 1347 1092 sunt
1361 1033 1453 1110 atque

290 1133 444 1213 fautores,
458 1133 503 1195 sic
519 1129 735 1216 praedicantes
752 1135 844 1212 atque
860 1131 1041 1194 sentientes.
1075 1129 1160 1194 Dicit
1174 1136 1280 1194 autem
1294 1129 1452 1195 Christum

289 1238 323 1301 in
339 1255 433 1300 carne
449 1231 665 1319 apperuisset,
686 1251 749 1298 non
765 1237 881 1314 umen,
902 1233 985 1296 sicut
998 1231 1184 1298 Valentinus
1191 1243 1214 1314 Β,
1230 1232 1268 1298 ds
1284 1230 1369 1298 caelo
1385 1253 1453 1297 car·

290 1359 364 1404 nem
379 1337 619 1422 'desumpsisse
654 1335 709 1400 Ait
728 1337 825 1399 etiam
844 1341 916 1419 post
930 1337 1111 1418 passionem
1131 1355 1195 1401 non
1209 1353 1336 1400 emnem
1350 1355 1453 1400 surre-

214 1461 220 1467 ·
289 1442 406 1523 xissel,
423 1440 479 1506 sed
494 1439 533 1505 de
549 1445 681 1524 quatuor
695 1437 870 1520 elementis,
884 1436 930 1502 ⁸id
945 1443 994 1502 est
1008 1437 1047 1502 de
1061 1441 1145 1504 sicco
1160 1449 1190 1504 et
1202 1437 1341 1520 mdo,
1355 1437 1455 1506 calido

290 1553 322 1610 et
341 1544 453 1628 frigido
473 1543 632 1628 occepisse
648 1540 807 1606 Christum
820 1547 854 1604 et
867 1542 900 1604 in
916 1542 1141 1606 resurrectione
1156 1543 1269 1606 iterum
1280 1540 1455 1608 reddidisse

290 1648 453 1714 elementis
481 1667 560 1730 quae
583 1645 621 1709 de
645 1643 761 1708 munde
780 1649 959 1729 acceperat,
986 1663 1084 1728 eaque
1101 1645 1135 1708 in
1153 1649 1269 1710 terram
1287 1643 1455 1725 dimisisse,

288 1755 393 1838 ipsum
403 1751 527 1815 tantem
537 1752 571 1813 in
587 1746 708 1814 caelum
722 1749 791 1811 sine
807 1767 900 1811 earne
915 1746 1095 1812 ascendisse
1110 1749 1231 1813 asserit
1255 1745 1320 1812 Sub
1329 1753 1455 1834 aposto·

288 1855 341 1922 lis¹
355 1857 459 1940 itaque
474 1853 534 1919 hae
551 1851 678 1917 iuemnt
691 1849 836 1914 haereses
852 1848 878 1888 ¹⁰
882 1869 939 1938 per
954 1847 1104 1916 ordinem.

290 2023 467 2148 emmaeadlsldido
475 2021 556 2144 ‘dead'
570 2036 719 2147 decursum
731 2097 787 2140 cert.
812 2087 835 2139 e.
848 2093 894 2140 aut
910 2107 931 2140 c.
956 2087 979 2140 7.
992 2087 1142 2170 deposuisse
1154 2089 1189 2140 A.
1217 2086 1241 2140 8.
1254 2086 1280 2140 id
1291 2095 1331 2140 est
1342 2087 1373 2140 de
1385 2089 1455 2142 sicco

289 2173 315 2218 et
327 2161 441 2224 humido,
458 2159 540 2213 calido
553 2163 580 2210 et
589 2151 684 2226 lriffldo
697 2153 828 2226 accepisse
840 2146 971 2209 Christum
984 2157 1009 2210 et
1020 2171 1048 2210 m
1059 2156 1246 2210 resurrectione
1262 2157 1357 2210 iterum
1371 2157 1456 2210 reddi-

290 2234 358 2286 disse
370 2229 504 2284 elementis
516 2246 568 2296 eqo.
578 2225 653 2278 idest
664 2225 695 2278 de
707 2226 784 2290 sicco,
797 2225 879 2278 calido
887 2223 1012 2294 etlrigido
1022 2241 1082 2278 acce
1101 2227 1152 2278 isse
1159 2223 1290 2278 Christum
1300 2231 1326 2278 et
1334 2225 1361 2278 in
1371 2241 1455 2278 resur·

289 2301 403 2355 rectione
420 2297 514 2351 itemm
529 2293 670 2348 reddidisse
687 2293 821 2346 elementis
834 2288 868 2344 A.
881 2293 940 2346 llclr'
955 2297 982 2344 ui
998 2241 1178 2346 secederes
1191 2293 1290 2345 tabeat.
1332 2294 1355 2346 9.
1368 2301 1458 2347 autem
1501 2355 1505 2364 ⁴

289 2387 335 2422 om.
349 2369 430 2421 Bebe.
461 2365 500 2418 10.
511 2365 573 2417 Post
584 2361 661 2414 cerdo
678 2375 725 2432 per
740 2361 856 2415 ordinem
872 2366 900 2413 iu
911 2313 962 2426 (d)
973 2361 1039 2414 Bal.
1050 2365 1185 2431 insumpto
1197 2365 1280 2414 cereso
1296 2381 1331 2414 oo
1346 2364 1458 2415 eadam·

285 2443 341 2510 prio
355 2439 440 2507 portus
458 2433 568 2487 dicendo
586 2433 678 2498 leqr'tur
695 2431 773 2482 laec.-
795 2429 953 2486 (inrisores
976 2445 1130 2485 narrasses
1152 2447 1221 2492 ovas
1242 2447 1290 2486 sus
1312 2447 1458 2486 mosronia

289 2521 461 2569 exstruatur,
475 2519 538 2573 puae
549 2501 628 2554 cerda
641 2499 779 2552 Fabricius
791 2502 917 2570 expunxit.

588 2035 650 2073 uam
662 2020 684 2072 b.
713 2017 737 2073 5.
749 2017 876 2072 mundum
888 2020 921 2072 A.
934 2019 1009 2072 illum
1020 2019 1118 2088 reliqui.
1141 2019 1253 2072 Ceterum
1264 2021 1292 2072 io
1304 2017 1356 2072 Ba.
1366 2022 1455 2072 dosa

289 2686 358 2734 recta
393 2695 422 2731 ro
439 2669 629 2742 decerequod
645 2677 702 2726 erat
718 2671 747 2725 in
764 2671 848 2735 editis,
900 2669 1058 2724 contrairem·
1067 2672 1457 2741 penepiscotuatatesffaaaa

290 2765 366 2803 emen
400 2740 670 2799 saecularisati.
686 2740 847 2794 Monumen't.
899 2739 1283 2820 molipaitqtesnundumsccitl’
1317 2741 1376 2806 (F.)

289 2813 535 2954 p⁰d731usduFdeum
551 2879 604 2932 scio
622 2891 680 2959 asae
692 2877 847 2998 mcundnmp
898 2875 926 2930 in
949 2807 1170 2947 doffrdddldplddl‘d
1180 2809 1458 2959 cddddtddlreddtTdditdlnnd,

290 2955 335 3009 Sic
345 2955 411 3007 bene
421 2952 517 3032 iterum
525 2947 667 3001 Ootslenus
679 2963 726 3016 pro
735 2961 766 3030 ep
778 2961 841 3042 quo
898 2945 967 3026 puod
979 2944 1121 3026 secundnm
1130 2945 1207 2998 deum
1214 2961 1298 3026 priore
1306 2945 1458 3028 inienorem

290 3023 421 3078 habebant
436 3018 510 3072 editt:
529 3033 612 3084 ,wem
629 3017 700 3066 deum
716 3033 769 3066 acro
786 3031 845 3066 essa
897 3013 1457 3086 mtrodueerautrnoaeterrsommbuslonge

289 3092 430 3144 &candum
477 3085 846 3204 ietoirtrsadeieatquaisa-
897 3081 931 3136 ab
942 3081 1013 3136 illiue
1025 3081 1126 3136 haeresi
1138 3081 1223 3134 alieni.
1257 3081 1315 3147 (F.)

291 3158 428 3212 ‹·isillom.”
459 3151 779 3221 demdsApoueuadunr
808 3151 846 3220 pi·
947 3149 966 3204 i.
985 3149 1101 3204 incarne
1117 3149 1280 3222 apparuisse]
1299 3149 1384 3214 Quam
1399 3169 1456 3206 110„

289 3219 776 3300 planiusetnamascenusflaeresirl.
793 3219 846 3272 Au·
896 3234 942 3288 per
962 3219 1126 3272 nativitatem
1145 3235 1179 3272 ex
1195 3223 1291 3283 matre,
1312 3236 1402 3273 serum
1419 3239 1456 3274 ex

327 3297 411 3350 stinus
427 3299 455 3348 et
464 3293 561 3346 Auctor
572 3287 759 3341 Praedestinati
770 3303 791 3339 c.
803 3285 844 3340 22.
896 3291 1007 3356 quatuor
1017 3287 1151 3342 elementis
1162 3291 1296 3340 mutnsms
1304 3288 1356 3342 sibi
1366 3305 1383 3340 a
1400 3293 1457 3342 tas-

289 3315 482 3420 iduonaraaa
499 3359 535 3412 ud
547 3357 656 3411 Ooteler.
673 3356 703 3409 Τ.
715 3355 740 3408 3.
751 3356 845 3408 Monu-
895 3362 943 3409 set
966 3355 1030 3408 Vide
1041 3355 1230 3409 Tertullianum
1242 3355 1273 3408 da
1285 3355 1369 3410 Carne
1436 3359 1456 3398 ‘-

289 3439 369 3489 ment.
381 3447 442 3503 pag.
454 3430 471 3482 4
487 3429 512 3482 0.
538 3425 595 3492 ,tva
610 3441 636 3476 ra
653 3423 707 3476 θεὸν
725 3420 845 3494 ὁμολογα
895 3423 930 3476 sti
942 3439 963 3476 c.
975 3423 1000 3476 6.
1012 3429 1039 3477 et
1051 3429 1141 3478 contra
1151 3423 1311 3479 Marcionem
1323 3423 1366 3478 111,
1379 3443 1400 3478 ρ,
1413 3425 1456 3480 ιι,

289 3501 414 3556 ἀνώτατον
445 3497 488 3550 riso
505 3492 677 3562 toatllrspoo
689 3491 844 3558 πεποιηκέναι
895 3491 966 3545 Idem
985 3491 1160 3546 Tertullianus
1180 3489 1245 3546 haec
1264 3491 1362 3564 Apellis
1382 3509 1457 3548 com-

290 3541 514 3640 eillteucr'dete·
549 3562 604 3628 (F)
747 3627 749 3634 ,
895 3567 984 3614 menta
1018 3561 1118 3613 iuribus
1134 3566 1332 3632 oppugnaverat
1346 3561 1457 3616 inlrlrro

323 3639 347 3692 d.
359 3653 450 3710 praece
468 3634 502 3687 tis
529 3628 661 3684 aretillius
673 3628 843 3708 incursibus]
894 3635 985 3682 contra
995 3577 1169 3699 dpslleianoa
1180 3645 1258 3700 quem
1267 3629 1457 3684 desideramus.

288 3651 506 3773 liucoontradpe
527 3701 533 3712 '
554 3703 670 3752 mentem
678 3696 845 3750 addrtnmest
894 3697 1001 3763 (Febr.)

289 3773 470 3829 aPlrilastrio.
503 3767 571 3822 Nam
595 3765 692 3836 Apellis
715 3763 844 3818 sententia
949 3766 1200 3834 ‚siontvalentinusJ
1213 3766 1299 3838 Supra
1310 3765 1380 3820 cua
1392 3767 1457 3834 (F.)

288 3846 339 3898 init
355 3843 502 3898 inferiorem
522 3837 611 3898 deum,
628 3849 705 3903 quem
725 3847 843 3913 summus
928 3781 953 3886 d.
969 3841 1030 3905 post
1044 3835 1193 3904 paccionem
1208 3851 1262 3888 non
1278 3851 1382 3889 earnem
1394 3853 1458 3890 sur-

288 3915 332 3967 ille
349 3911 518 3983 produxerat,
541 3905 574 3957 ab
592 3901 707 3956 eiusdem
727 3901 843 3956 bomtate
894 3903 1004 3971 rexisse]
1017 3903 1145 3956 StatuitA
1178 3905 1226 3958 llas
1237 3904 1459 3960 aamematihri·

308 3998 336 4034 er
346 3979 535 4050 malignitatem
546 3971 677 4026 deiecisse.
698 3969 738 4022 lta
749 3969 843 4023 diruta
893 3977 934 4024 ato
945 3971 973 4024 in
985 3973 1118 4042 sepultura
1126 3989 1153 4024 ra
1165 3973 1243 4025 'ctam
1251 3978 1280 4026 ut
1287 3973 1459 4028 inelemeuta

289 3999 843 4178 tererestereres}
892 4039 1459 4178 rua

291 4197 357 4239 tetur
369 4153 538 4254 principiani,
555 4148 602 4231 Ι1ιοὶ
614 4176 760 4239 cattorum,
773 4176 841 4228 etad
894 4177 971 4256 Greg.
983 4175 1162 4232 Nazianzenus
1178 4125 1294 4248 Epddtola
1307 4179 1329 4230 l.
1345 4179 1380 4232 ad
1392 4179 1458 4234 (Ἀρ.

289 4261 345 4326 ipso
350 4259 451 4324 sactum
463 4251 579 4312 alaeam,
596 4244 715 4298 identat
726 4248 841 4312 ipsouno
891 4243 1006 4298 densum.
1023 4245 1087 4298 Vide
1098 4245 1135 4300 Io.
1146 4245 1315 4300 Psarsonium
1327 4246 1360 4298 sd
1372 4247 1457 4317 Sym-

289 4326 418 4394 prr'ncs'pc'o
430 4321 640 4384 altemmfactrsm
647 4321 690 4366 eet.
704 4311 777 4373 Quod
786 4330 840 4364 eum
891 4311 980 4366 bolum
991 4313 1107 4384 Apostol.
1118 4329 1180 4385 pag.
1188 4313 1246 4368 480.
1259 4313 1319 4368 odit,
1330 4313 1456 4370 mim,

291 4395 427 4460 mallyacum
439 4389 646 4444 matiscentium,
664 4401 681 4432 n
697 4381 759 4432 douc
771 4381 838 4432 odie·
890 4381 997 4448 (Febr.)

292 4469 356 4512 etum
368 4467 417 4510 ast.-
434 4457 654 4508 adiectumcerca
666 4450 727 4502 tone
739 4452 839 4516 prasa-
934 4451 952 4502 i.
969 4451 1025 4504 Sub
1041 4452 1176 4522 apostolia]
1199 4449 1290 4506 Latius
1310 4451 1360 4506 hoa
1380 4455 1455 4508 nei·

290 4531 334 4596 pio
345 4527 392 4580 tce·
405 4525 560 4594 principiam
575 4519 640 4586 qued
649 4517 839 4582 antiquabatur
888 4518 1012 4587 piendum
1022 4521 1101 4576 etim
1116 4527 1177 4591 post
1191 4521 1371 4594 apostolum
1381 4528 1455 4580 ten·
