3112 4986
289 169 351 234 Μ
755 169 981 212 mauusrmu'rr

289 323 404 388 Contra
425 343 501 408 quos
522 327 648 410 scripsit
668 325 877 390 Tertullianus
901 327 1064 412 presbyter
1085 325 1348 410 Carthaginensis.
1385 325 1447 402 Qui

289 448 360 491 cum
381 429 484 492 omnia
509 427 587 490 bene
608 434 640 492 et
659 431 759 513 prime
780 417 812 493 et'
829 429 1114 515 incomparabiliter
1132 431 1308 514 scripserit,
1331 430 1365 492 in
1385 426 1446 492 hoc

288 529 388 594 solum
409 551 441 593 se
464 530 742 615 reprehensibilem
761 532 851 614 fecit,
872 533 954 616 quod
973 532 1156 598 Montanum
1175 531 1330 613 defendit,
1349 551 1446 614 agens

288 639 395 697 contra
409 632 549 698 Soterem
568 634 783 719 supradictum
797 635 883 700 urbis
903 655 1032 720 papam,
1053 655 1196 700 asserens
1215 633 1295 698 falsa
1316 653 1385 698 esse
1405 631 1446 698 de

287 736 435 820 sanguine
457 737 602 818 infantis,
621 738 794 802 trinitatem
808 740 841 800 in
856 740 975 802 unitate
997 738 1137 818 deitatis,
1157 738 1382 822 paonitentiam
1396 735 1445 800 la·

285 841 361 924 psis,
374 841 532 922 mysteriis
548 838 666 902 eisdem
680 859 778 904 unum
792 840 910 924 pascha
923 841 1096 906 uobiscum.
1126 841 1192 906 Hoc
1208 840 1309 904 solum
1324 839 1443 904 discre-

283 963 405 1027 pamus,
419 944 530 1025 iuquit,
543 941 625 1026 quod
636 942 789 1008 secundas
801 945 927 1028 nuptias
938 965 1002 1008 non
1013 945 1192 1028 recipimus,
1206 949 1238 1006 et
1247 941 1446 1028 prophetiam

282 1043 423 1108 Montani
438 1043 475 1108 de
490 1044 593 1108 futuro
607 1043 722 1109 iudicio
737 1065 800 1110 non
819 1065 1008 1110 recusamus.
1039 1045 1199 1110 Obiiciunt
1218 1045 1346 1128 quidam
1366 1045 1444 1112 Ter-

282 1147 413 1211 tulliano
429 1146 512 1230 quod
526 1147 664 1210 animam
679 1148 874 1230 extraduce,
894 1142 931 1212 id
946 1155 995 1212 est
1016 1151 1154 1212 animam
1168 1148 1282 1212 dixerit
1299 1149 1346 1212 ita
1359 1149 1443 1230 gigni

283 1269 322 1314 ex
336 1253 442 1314 anima
462 1251 543 1314 sicut
561 1271 599 1312 ex
619 1250 800 1335 corporibus
822 1271 951 1336 corpus;
974 1250 1055 1334 quod
1076 1250 1230 1316 catholica
1250 1250 1327 1316 fides
1346 1250 1443 1314 vehe-

155 1421 158 1424 .
281 1358 405 1418 menter
419 1359 589 1416 execratur.
683 1377 688 1394 ·

116 1467 165 1516 up.
178 1465 264 1506 ΚΜ·
344 1456 501 1519 Vicesima
516 1457 649 1540 septima
666 1455 803 1520 haeresis
823 1456 1086 1540 Pepuzianorum,
1106 1459 1161 1540 qui
1179 1479 1198 1521 a
1219 1456 1287 1522 loco
1307 1455 1444 1541 quodam

282 1561 436 1624 nominati
457 1564 545 1638 sunt,
568 1577 661 1641 quam
682 1557 838 1622 desertam
853 1560 1012 1624 civitatem
1027 1559 1103 1624 dicit
1116 1559 1319 1644 Epiphanius.
1353 1559 1443 1624 Hanc

282 1667 386 1726 autem
410 1663 463 1725 isti
486 1661 627 1724 divinum
649 1660 767 1744 aliquid
789 1681 859 1727 esse
887 1661 1073 1726 arbitrantes
1095 1661 1292 1726 Hierusalem
1313 1667 1442 1736 vocaut3

281 1770 405 1828 tantum
420 1763 530 1827 dantes
545 1762 728 1828 muheribus
743 1765 963 1848 principatum,
984 1772 1019 1828 ut
1034 1765 1206 1830 sacerdotio
1221 1785 1344 1850 quoquc
1358 1763 1442 1850 apud

282 1887 335 1960 eos
349 1867 549 1931 honorentur.
585 1865 703 1932 Dicunt
717 1868 800 1930 enim
817 1866 893 1930 duas
910 1867 1068 1949 ecclesias,
1085 1867 1252 1944 Quintillae
1268 1873 1300 1931 et
1313 1866 1442 1932 Priscil-

280 1969 340 2052 lae,
355 1972 388 2033 in
403 1969 513 2033 cadem
528 1971 653 2034 civitate
668 1969 800 2054 Pepuza.
829 1969 934 2034 Unum
949 1975 1024 2034 suut
1038 1990 1110 2034 curu
1124 1970 1336 2056 Cataphrygis.
1360 1970 1442 2034 Con·

280 2073 414 2156 temptni
429 2078 534 2136 autem
548 2093 602 2136 eos
617 2071 736 2136 habent
750 2070 832 2154 quod
847 2092 881 2135 se
896 2074 950 2136 isti
963 2072 1133 2157 Pepuaiani
1149 2075 1260 2138 ceteris
1274 2076 1444 2138 aestiment

279 2174 434 2238 meliores.
470 2174 587 2240 Dicunt
602 2175 687 2239 euim
701 2174 782 2238 hanc
798 2174 954 2259 Pepuzam
969 2174 1076 2239 villam
1090 2176 1187 2240 fuisse
1201 2175 1353 2259 Montani,
1370 2176 1442 2240 Pri·

280 2299 351 2342 scae
366 2283 398 2341 et
411 2277 615 2362 Marirnillae,
635 2283 667 2340 et
688 2279 761 2361 quia
780 2277 825 2341 ibi
847 2284 1014 2362 coeperunt
1034 2278 1228 2363 praedicare,
1248 2284 1280 2342 et
1293 2279 1338 2344 ibi
1351 2281 1441 2342 vixe-

279 2387 367 2462 runt,
387 2377 457 2446 ideo
477 2379 581 2444 locum
606 2379 755 2464 appellari
775 2380 978 2446 Hierusalem.
1013 2380 1053 2444 Et
1074 2383 1148 2464 quia
1168 2379 1358 2450 habitatores
1380 2380 1441 2447 loci

279 2490 363 2566 sunt,
377 2482 448 2547 ideo
465 2485 577 2548 ceteris
593 2503 626 2546 se
642 2503 710 2546 esse
725 2481 870 2548 meliores
886 2481 1076 2548 adscribunt.
1106 2484 1171 2549 Hos
1186 2483 1371 2568 Apollonius
1385 2505 1440 2548 su·

277 2588 398 2671 paravit
411 2585 617 2670 Ephesiorum
631 2587 805 2670 episcopus.

100 2695 151 2746 0³1>-
164 2695 260 2737 fflffl·
340 2689 499 2754 Vicesima
518 2695 628 2754 octova
648 2687 787 2752 haeresis
807 2687 995 2771 Artotyritas
1021 2709 1093 2754 suos
1114 2695 1220 2771 vocat,
1245 2688 1359 2773 quibus
1379 2689 1439 2754 hoc

277 2811 392 2856 nomen
408 2789 523 2856 oblatio
540 2790 634 2854 dedit.
673 2790 814 2856 Oderunt
833 2793 917 2854 enim
931 2811 1045 2876 panem
1060 2797 1091 2854 et
1105 2813 1245 2874 caseum,
1265 2791 1440 2858 dicentesa

276 2896 386 2980 primis
401 2892 580 2959 homiuibus
597 2893 769 2958 oblationes
782 2893 839 2958 deo
855 2893 894 2958 de
908 2894 1060 2958 fructibus
1072 2901 1172 2960 terrae
1184 2899 1216 2958 et
1226 2896 1332 2960 ovium
1341 2897 1440 2959 fuisso

278 2997 459 3062 celebratas.
496 2996 561 3061 Hos
576 2996 763 3080 Pepnaianis
783 2998 884 3079 iungit
897 2995 1098 3081 Epiphanius.
1137 2997 1250 3064 Contra
1269 3017 1347 3080 quos
1366 2998 1437 3064 nul-

276 3097 325 3163 lus
341 3098 486 3181 dignatus
502 3104 550 3162 est
563 3117 622 3162 nec
637 3096 730 3182 loqui.

126 3209 175 3257 0³1⁷·
184 3209 259 3250 XXIX·
339 3201 498 3265 Vicesima
512 3221 594 3266 nona
608 3199 746 3264 haeresis
762 3199 1120 3268 'lessarescaedeoatitae
1137 3202 1282 3268 dicuntur
1302 3224 1338 3269 co
1355 3205 1437 3289 quod

277 3303 509 3388 quartadecima
525 3302 600 3368 luna
610 3303 727 3387 pascha
739 3303 907 3386 celebrant,
923 3305 1053 3388 quilibet
1064 3308 1256 3390 septimanae
1269 3311 1438 3372 occurrerit

276 3407 361 3488 dies,
382 3411 414 3468 et
432 3408 460 3470 si
475 3406 542 3470 dies
558 3404 733 3470 dominicus
748 3406 928 3488 incurrerit,
943 3407 1012 3492 ipso
1028 3408 1077 3472 die
1093 3410 1235 3475 ieiunant
1249 3415 1281 3472 et
1295 3409 1435 3493 vigilant.

275 3509 342 3574 Hoc
358 3513 481 3572 tantum
496 3530 514 3572 a
528 3509 619 3575 nobis
635 3507 829 3593 discrepant,
850 3509 928 3574 nihil
944 3509 1038 3574 aliud.
1075 3511 1139 3575 Hos
1155 3517 1283 3576 sanctus
1303 3512 1437 3578 loannes

276 3611 593 3695 constantinopolites
614 3613 779 3695 episcopus
799 3610 855 3676 tali
875 3614 1044 3678 rationein
1062 3613 1168 3690 multis
1184 3614 1365 3680 civitatibus
1381 3617 1435 3680 ob-

276 3717 377 3778 tinuit.
414 3715 502 3780 Abiit
516 3734 588 3778 cum
603 3713 683 3778 clero
700 3734 766 3794 suo,
789 3719 907 3778 etcum
922 3717 968 3778 eis
983 3714 1100 3799 pascha
1114 3715 1294 3798 celebravit,
1317 3717 1436 3799 dicens,

275 3817 363 3882 Sicut
377 3837 434 3882 nos
454 3816 616 3881 vobiscum
637 3815 863 3880 celebravimus
877 3817 1008 3900 pascha,
1028 3819 1131 3882 venite
1152 3824 1186 3882 et
1199 3839 1255 3886 vos
1270 3819 1436 3886 uobiscum

275 3921 435 4004 suscipite.
471 3919 500 3984 A
515 3919 626 4002 quibus
643 3939 714 3982 cum
731 3919 791 3982 hoo
809 3919 1004 4002 impetravit,
1026 3927 1195 4006 coeperunt
1213 3941 1311 3986 unum
1326 3943 1435 4008 sapere

275 4028 307 4085 et
320 4023 485 4088 nobiscum
500 4021 655 4085 colebrare
672 4021 764 4084 diem.
800 4020 1016 4085 Probaveruut
1035 4025 1118 4086 euim
1138 4029 1237 4088 totam
1250 4024 1323 4089 lidei
1342 4047 1434 4110 rogu-

273 4123 338 4188 lam
354 4125 399 4188 sic
413 4144 471 4187 nos
487 4126 569 4188 siout
584 4143 616 4187 se
633 4129 750 4206 tenero,
765 4125 811 4186 sic
827 4123 898 4188 illos
913 4125 994 4188 siout
1008 4145 1065 4190 nos
1082 4125 1216 4190 credero.

128 4229 178 4281 ⁰⁸¹³·
192 4231 255 4274 ¹¹¹·
337 4227 508 4292 Tricesima
533 4226 671 4291 haeresis
693 4225 880 4308 Alogiorum.
909 4225 1087 4311 ,Propterea
1107 4231 1152 4294 sic
1174 4235 1339 4314 vocantur,
1361 4231 1434 4317 quia

273 4395 332 4448 cap.
344 4377 426 4436 XIV,
437 4381 462 4445 §.
474 4377 498 4431 2.
510 4377 597 4498 Nepae
608 4379 757 4430 omittendas
768 4379 800 4430 cl.
813 4377 903 4431 Abboa
915 4379 947 4432 de
959 4377 1109 4447 loayurue
1121 4383 1148 4432 a'a
1160 4379 1299 4438 Diaacrtot.
1319 4385 1351 4438 de
1361 4385 1431 4439 Hoe-

273 4450 326 4498 νεεδ
335 4445 455 4500 Montani
463 4449 487 4512 ᾖ.
506 4444 543 4498 Vl
561 4445 585 4509 1,
593 4464 623 4514 p.
636 4445 694 4500 259.
712 4445 804 4514 (Gall.)
