3120 4994
624 261 831 309 marmus
1246 263 1307 330 267

136 427 196 486 est
212 419 250 487 de
265 419 406 486 secunda
418 417 641 505 generatione?
659 419 695 486 si
709 419 748 484 de
763 423 875 506 spiritu
890 425 982 486 ustus
997 425 1062 503 est,
1077 419 1229 504 baptizari
1243 439 1309 488 nou

138 523 252 589 debet.
290 520 410 602 Quare?
430 528 503 609 quia
522 525 651 609 spiritus
671 529 797 590 sanctus
818 523 985 589 eumfacit
1005 522 1110 605 nasci,
1131 543 1195 588 non
1209 522 1306 588 libido

139 629 295 710 coniugii.
331 627 389 704 Sin
403 632 506 692 autern
523 627 562 695 dc
578 629 718 710 coniugio
734 627 867 708 carnali,
887 626 919 690 id
939 631 987 690 est
1006 625 1045 690 de
1060 625 1199 690 masculo
1215 631 1247 690 et
1261 626 1307 692 ie-

137 733 249 813 mina,
270 735 368 796 restat
387 735 422 794 ut
436 729 519 796 unde
534 736 609 796 sunt
623 733 796 813 regenerati
812 729 850 796 de
866 729 989 796 Christo
1005 735 1037 794 ct
1051 728 1199 810 ecclesia,
1219 749 1308 794 suam

140 837 263 900 iterum
278 838 462 916 regenerent
476 832 604 919 prolem.
641 833 687 898 De
707 835 806 919 primo
827 835 912 898 enlm
927 837 976 896 est
989 831 1091 898 Adam
1107 831 1190 915 quod
1204 833 1307 896 nasci·

139 958 232 1004 mur:
256 937 294 1000 de
316 935 453 1003 secundo
475 941 581 1002 autern
604 935 685 1020 quod
707 938 821 1002 iterum
842 955 1032 1017 recreamur,
1055 934 1179 999 dicente
1200 940 1308 1000 sancto

141 1039 304 1127 apostolo,
326 1037 464 1106 ³Factae
486 1051 531 1106 eet
545 1039 779 1126 priuauelooroo
801 1038 910 1104 Adam
930 1041 965 1103 c'rc
987 1039 1126 1104 cuicum
1145 1040 1310 1103 oioeutem:

141 1145 333 1210 mucimus
348 1141 457 1208 Adero
477 1145 513 1208 io
531 1145 678 1230 spiritum
695 1141 910 1226 oiooflcuotem.
950 1138 1014 1207 Sed
1030 1163 1095 1207 roco
1110 1144 1205 1228 prcus
1225 1142 1311 1226 quod

143 1247 292 1334 spiritale
304 1257 357 1327 est,
372 1247 427 1310 sed
437 1247 524 1331 quod
534 1245 678 1328 animale,
689 1247 799 1310 duodo
810 1246 897 1331 quod
905 1245 1057 1330 spiritale.
1081 1244 1208 1310 Pueros
1221 1243 1308 1310 dooso

145 1352 186 1416 de
201 1361 289 1414 turc
309 1359 465 1430 terrenus,
487 1350 643 1414 secundus
663 1349 751 1414 horso
771 1349 808 1414 de
831 1349 917 1413 coelo
940 1347 1089 1414 coelestis.
1125 1347 1213 1432 Ergo
1227 1349 1310 1412 siout

140 1455 345 1541 pcrtooc'mue
359 1454 528 1538 irruptorem
542 1455 667 1534 terreni,
683 1451 715 1516 id
730 1457 778 1516 est
793 1453 875 1516 sicut
889 1452 1062 1515 creavimus
1079 1449 1158 1515 lilios
1175 1448 1308 1514 carnali·

146 1563 206 1638 ter,
216 1567 378 1642 perterreor
393 1566 422 1620 et
436 1556 604 1641 imaginem
619 1555 766 1636 coelestis,
782 1553 815 1618 id
831 1560 880 1618 est
894 1574 971 1638 quos
987 1554 1160 1618 creavimus
1176 1552 1308 1620 carnali·

146 1666 207 1741 ter,
222 1657 405 1744 spiritaliter
419 1677 608 1740 recreemus,
622 1663 676 1722 aut
687 1659 748 1743 ipsi
760 1659 813 1742 qui
825 1656 992 1722 carnaliter
1004 1658 1100 1722 creati
1111 1677 1220 1722 sumus
1231 1661 1309 1722 nutu

147 1765 313 1844 creatoris,
333 1764 448 1826 iterum
467 1763 534 1826 eius
554 1763 654 1843 gratia
675 1760 857 1846 spiritaliter
874 1777 1060 1826 recreemur.
1098 1758 1186 1824 ⁴Hoc
1207 1770 1311 1824 auterre

120 1863 124 1868 ’
147 1867 229 1946 dico,
246 1864 325 1930 dixit
339 1863 509 1950 apostolus,
525 1866 602 1950 poio
618 1885 692 1930 coro
707 1866 890 1950 decoquis,
904 1863 1308 1949 idestprimatantumge-

146 1967 309 2034 neratione
324 1967 467 2034 homines
482 1969 564 2050 nati,
583 1969 646 2032 nisi
665 1969 796 2050 gratiam
817 1967 956 2032 divinam
975 1968 1148 2032 meruerint
1166 1966 1309 2052 adipisci,

146 2093 279 2158 ceperum
294 2073 345 2138 dei
353 2073 492 2138 iuvenire
508 2091 571 2136 ooo
580 2082 723 2158 possunt.
746 2069 858 2158 Nepae
871 2073 1032 2158 corr-optio
1043 2072 1310 2157 incorruptionem

144 2174 325 2261 possidebit.

213 2277 443 2360 Octogesimsm
462 2281 494 2342 et
513 2296 628 2342 nonam
642 2275 796 2342 haeresim
810 2275 973 2342 Nestorius
990 2275 1309 2361 Constantinopolites
1328 2304 1380 2357 up.
1394 2304 1505 2356 csrxrx.

148 2383 316 2468 episcopus
331 2381 444 2464 legitur
458 2382 636 2446 incurrisse.
661 2379 858 2446 Consuetudo
871 2386 921 2444 est
933 2399 1069 2464 namque
1081 2386 1116 2444 ut
1130 2399 1228 2444 unum
1242 2385 1308 2446 tra·

148 2490 269 2550 etatum
284 2503 376 2548 suum
391 2485 555 2570 episcopus
570 2481 801 2548 Alexandrinus
815 2485 921 2548 mittat
939 2483 980 2550 ad
995 2482 1308 2568 Constantinopolim,

148 2588 203 2672 qui
219 2589 367 2652 recitetur
381 2589 415 2652 in
430 2585 563 2672 pascha,
584 2591 794 2652 attrectatum
814 2607 906 2652 suum
922 2585 1240 2672 constantinopolites
1256 2588 1309 2671 qui

146 2689 357 2757 Alexandriae
378 2692 536 2754 recitetur.
572 2689 609 2754 ln
630 2694 763 2756 tractatu
784 2711 840 2756 suo
857 2687 1175 2774 constantinopolites
1196 2689 1308 2756 Nesto·

147 2796 213 2860 rius
228 2795 355 2878 scripsit
369 2793 500 2860 Mariam
513 2812 576 2858 nou
593 2811 662 2858 esse
684 2791 866 2876 theotocon,
886 2793 941 2864 scd
957 2793 1189 2876 christotocon,
1208 2793 1241 2859 id
1262 2799 1310 2860 est

147 2917 212 2962 non
227 2897 322 2962 deum
336 2899 506 2982 peperisse,
521 2895 577 2960 sed
592 2896 760 2962 homiuem.
791 2895 925 2980 cyrillus
939 2893 1171 2963 Alexandrinus
1186 2896 1243 2964 hoo
1260 2897 1308 2962 di-

147 3007 234 3066 ctum
249 3001 294 3064 ita
309 2999 526 3086 reprehendit,
547 3020 607 3083 quo
623 2999 741 3066 diceret
760 3019 816 3084 per
836 2998 1015 3086 epistolam,
1035 3004 1071 3064 ut
1091 3001 1118 3064 si
1139 3021 1211 3066 eum
1231 3001 1309 3068 forto

146 3102 328 3184 fefellisset,
348 3103 530 3168 emendaret
549 3102 675 3168 dictum.
712 3101 758 3168 Ex
783 3101 840 3168 hoc
861 3105 929 3187 ipso
952 3122 1012 3186 quo
1033 3101 1241 3188 reprehensus
1261 3109 1310 3170 est
1403 3168 1408 3179 ,

146 3205 312 3272 Nestorius
326 3227 345 3270 a
360 3205 490 3289 cyrillo,
510 3208 613 3292 coepit
634 3205 782 3288 cyrillum
803 3205 996 3270 haereticum
1015 3205 1193 3272 inclamaro.
1230 3207 1310 3272 Data

147 3315 197 3374 est
210 3309 348 3393 synodus
364 3307 447 3394 apud
463 3307 645 3393 ¹Ephesum‚
659 3315 691 3372 et
705 3329 763 3374 neo
779 3311 824 3374 sio
840 3307 1008 3374 emandare
1024 3308 1122 3376 voluit
1136 3309 1309 3393 Nestorius,

147 3418 183 3478 ιιι
198 3411 317 3478 diceret
332 3411 463 3479 Mariam
484 3411 577 3476 deum
592 3417 624 3474 et
637 3410 796 3476 hominem
816 3413 978 3495 genuisse,
998 3412 1055 3478 sed
1069 3411 1181 3493 soture,
1195 3412 1310 3497 inquit,

147 3515 316 3583 hominem.
340 3513 374 3580 Si
389 3516 475 3580 enirn
490 3514 659 3580 dixerimus
675 3517 748 3598 quia
763 3515 1143 3598 deumgenuit,iecin1us
1159 3513 1310 3582 ²matrom

148 3621 289 3701 deorum,
301 3620 382 3684 sicut
393 3616 535 3702 gentiles.
558 3616 656 3682 Maria
667 3637 750 3701 ergo,
761 3619 873 3702 inquit,
885 3617 1036 3703 templum
1050 3617 1107 3684 deo
1119 3620 1235 3702 genuit,
1246 3639 1309 3686 nou

148 3725 252 3808 ipsum
267 3722 368 3806 quiin
384 3719 500 3806 templo
521 3719 649 3786 habitat.
686 3721 820 3807 Accepit
838 3720 996 3804 inducias,
1016 3727 1052 3786 ut
1073 3727 1128 3788 aut
1148 3721 1311 3788 damnaret

148 3824 267 3890 dictum
282 3830 314 3888 et
328 3823 445 3888 rediret
458 3823 500 3888 ad
514 3823 620 3888 sedem
635 3844 724 3890 suam
735 3826 911 3910 episcopus,
926 3831 980 3890 aut
991 3827 1017 3890 si
1030 3825 1178 3891 damnare
1189 3811 1308 3892 noluis-

148 3933 208 4010 set,
222 3933 332 4013 postea
347 3925 448 3992 redire
463 3947 527 3992 non
541 3933 655 4012 posset.
679 3927 796 4009 Noluit,
811 3934 842 3992 et
856 3930 889 3992 in
905 3927 1014 3992 eadem
1026 3929 1221 3994 confessione
1236 3950 1308 4015 per-

148 4032 274 4094 mansit.
311 4029 402 4096 Huuc
417 4029 556 4112 synodus
572 4028 656 4114 apud
670 4029 829 4114 Ephesum
844 4029 989 4096 damnaui
995 4037 1017 4094 t.
1050 4030 1088 4096 Iu
1103 4051 1164 4115 qua
1179 4029 1307 4098 damna·

149 4134 234 4198 tione
250 4133 408 4198 Romanus
424 4151 506 4217 papa
521 4131 716 4196 Caelestinus
732 4132 867 4217 scripsit,
884 4138 915 4196 et
930 4151 1038 4208 omnes
1053 4153 1176 4200 cumae
1192 4135 1309 4219 pariter

149 4233 317 4302 orientales
332 4240 425 4318 atque
441 4233 650 4300 occidentales
666 4237 803 4320 episcopi
819 4235 1080 4320 subscripserunt.

211 4337 421 4420 Nonagesima
438 4337 592 4421 haeresis,
613 4359 705 4423 quam
725 4341 758 4402 in
778 4337 968 4423 praefatione
988 4345 1096 4404 nostra
1115 4338 1251 4406 diximus
1271 4339 1308 4406 de
1327 4347 1377 4400 Ces
1392 4349 1434 4390 ¹0·

148 4443 275 4508 nomine
295 4441 463 4525 Augustini
483 4444 620 4528 episcopi
640 4461 710 4507 esse
730 4443 910 4524 mentitam,
929 4441 1236 4510 Prasdestinatorum
1250 4465 1308 4512 uo·

217 4589 241 4646 3.
253 4591 266 4645 1
278 4587 392 4646 corinth.
404 4591 462 4647 XV.
474 4593 515 4648 45.
568 4594 592 4647 4.
608 4593 620 4648 l
632 4592 746 4648 corinth.
758 4591 816 4650 XV.
827 4593 869 4648 50.

218 4657 280 4730 Gap.
292 4659 441 4717 LXXXIX.
454 4691 486 4704 -
517 4661 539 4715 l.
554 4660 765 4719 Thessalonicam
776 4661 831 4719 MS.
844 4664 912 4732 Aac.
964 4663 1307 4735 2.mstrenrdeiMS.Aop.
1392 4704 1400 4713 .
