3120 4994
612 287 698 332 aman
709 287 820 330 Pullus
1234 287 1295 354 265
1393 276 1397 284 ’

121 469 207 516 eum
221 452 286 514 sint
298 451 419 535 priores
433 467 514 534 pene
530 447 673 514 omnibus
688 445 865 526 haereticis,
879 423 963 510 nunc
973 447 1092 509 uostris
1101 443 1296 530 temporibus

122 553 226 616 liniti.
263 552 319 618 lsti
335 571 376 616 ex
388 551 452 616 lilio
467 551 554 616 Adae
570 549 631 616 sibi
645 551 782 616 nominis
805 548 1029 614 derivationem
1044 547 1296 632 adsumpserunt,

122 655 164 719 id
180 659 232 718 est
246 655 284 719 ab
300 653 381 720 Abel
396 654 557 720 Abaloitas
573 675 606 719 se
622 653 774 718 nominari
788 651 962 716 volucrunt.
986 652 1027 714 Hi
1041 671 1104 724 ιιι
1115 650 1294 714 misceban-

122 763 183 821 tur
197 758 359 840 uxoribus,
375 765 407 822 et
420 763 527 824 tamen
542 779 605 822 ιιι
620 755 735 822 ιιιιιιι
750 761 853 820 sectae
868 755 929 840 ipsi
948 760 984 818 ut
999 756 1068 818 sine
1081 753 1233 818 uxoribus
1246 755 1294 816 ri-

122 867 252 926 verent.
294 861 360 924 Mas
383 881 454 944 ergo
476 867 509 925 ιι
526 861 658 942 lomina,
679 857 737 923 sub
757 859 968 924 continentiae
988 857 1181 942 professione
1202 854 1295 920 simul

124 962 312 1028 habitantes
327 985 458 1049 puerum
473 970 505 1028 ιι
518 964 656 1050 puellam
670 961 731 1028 sibi
746 961 948 1047 adoptabant,
963 963 995 1024 in
1007 960 1149 1024 ciusdem
1164 961 1295 1024 coniun-

125 1069 249 1132 ctionis
263 1075 354 1152 paeto
370 1087 567 1132 successores
581 1067 711 1133 loturos.
733 1065 831 1130 lllorte
846 1065 1025 1150 praeventis
1039 1063 1212 1146 quibusque
1227 1062 1294 1126 sin·

125 1169 215 1252 gulis
231 1169 284 1234 alii
300 1171 558 1254 subrogabantur,
580 1169 655 1234 dum
669 1175 775 1232 tamen
791 1167 850 1232 duo
867 1166 987 1246 duobus
1003 1165 1137 1251 disparis
1153 1185 1246 1229 sexus
1261 1167 1294 1228 in

125 1272 219 1336 illius
235 1271 345 1338 domus
360 1277 510 1340 societate
526 1271 740 1337 succederent.
777 1269 933 1337 Utrolibet
953 1271 1068 1354 quippe
1089 1273 1218 1352 parente
1239 1268 1294 1334 de·

126 1375 243 1440 functo
256 1378 312 1440 uni
326 1379 501 1441 remanenti
516 1397 614 1461 usque
630 1373 670 1440 ad
685 1377 752 1438 eius
768 1393 888 1458 quoque
904 1373 1025 1438 obitum
1035 1371 1092 1436 lilii
1103 1369 1295 1450 serviebant;

125 1483 206 1563 post
220 1481 309 1542 cuius
328 1485 459 1544 mortem
476 1482 572 1544 etiam
592 1480 653 1563 ipsi
668 1497 798 1562 puerum
814 1482 845 1540 et
855 1475 993 1562 puellam
1008 1474 1152 1538 similiter
1163 1471 1294 1558 adopta-

128 1579 220 1644 bant.
256 1579 321 1646 Neo
341 1603 481 1666 unquam
502 1583 547 1646 eis
569 1581 668 1646 defuit
682 1579 765 1644 unde
780 1579 980 1664 adoptarent,
995 1576 1216 1660 generantibus
1232 1578 1294 1640 cir·

129 1687 461 1768 cumquaquevicinis,
477 1691 508 1750 et
524 1684 602 1758 lilios
618 1704 691 1748 suos
706 1685 815 1768 inopes
828 1681 964 1768 adspem
975 1679 1157 1746 hereditatis
1173 1679 1294 1743 abenas

128 1786 269 1850 libenter
284 1787 442 1852 dantibus.
478 1787 562 1852 Haeo
584 1787 650 1852 sola
672 1792 738 1851 erat
756 1789 838 1850 inter
857 1805 915 1850 nos
935 1790 1028 1868 atque
1048 1783 1118 1848 illos
1134 1782 1294 1846 distantia

129 1889 169 1954 In
186 1909 246 1973 quo
261 1897 386 1956 nostros
401 1891 574 1974 arguebant
592 1893 638 1955 ita
652 1911 715 1955 non
728 1891 762 1954 in
776 1889 844 1972 lege
859 1893 967 1952 nostra
981 1888 1120 1952 exerceri
1140 1888 1293 1970 coniugia,

129 1998 214 2058 utet
228 1996 283 2077 qui
297 1993 420 2059 nubunt
433 1999 582 2078 tanquam
598 2013 660 2058 ιοι
676 1993 830 2058 ιιιιιιιι
846 1993 918 2057 sint.

198 2093 427 2180 Octogosimam
442 2103 474 2162 et
489 2103 632 2162 octavam
646 2096 802 2162 haeresim
820 2099 853 2160 in
867 2095 993 2177 Pelagio
1014 2113 1047 2159 se
1068 2093 1228 2159 invenisse
1243 2113 1295 2158 ιιι
1316 2115 1366 2169 cap.
1380 2114 1512 2158 amour

131 2197 190 2264 des
204 2200 377 2284 apostolica
392 2200 451 2265 sub
465 2221 549 2286 papa
563 2195 869 2266 sauctc'lnuocentio
892 2198 1012 2280 docuit,
1033 2197 1107 2262 dum
1122 2196 1295 2262 Caelestius

130 2301 252 2386 Pelagii
271 2301 443 2388 discipulus
462 2301 546 2390 apud
566 2301 785 2385 Carthaginem
806 2301 932 2367 doceret
950 2321 1042 2388 posse
1063 2299 1206 2384 homines
1227 2303 1295 2364 sine

131 2411 264 2490 peccato
280 2425 364 2489 esse,
380 2412 492 2470 natura
506 2405 568 2470 sibi
582 2405 758 2470 sufficiente
772 2403 839 2469 sola
853 2404 999 2470 humana.
1036 2405 1167 2470 Restitit
1181 2403 1210 2468 oi
1225 2403 1294 2488 qui·

133 2505 207 2574 dam
221 2508 371 2574 Paulinus
387 2509 553 2591 diacorum,
574 2509 720 2574 defensor
735 2513 767 2572 et
781 2513 963 2594 procurator
977 2507 1128 2573 ecclesiae
1143 2506 1294 2572 Mediola-

133 2613 253 2694 nensis,
270 2612 381 2697 cuique
395 2613 429 2677 in
446 2617 602 2678 conventu
617 2611 815 2676 secerdotum
829 2611 928 2676 multa
942 2610 1080 2696 capitula
1091 2609 1207 2676 obiecit
1218 2629 1294 2675 con·

133 2719 183 2776 tra
202 2712 298 2778 fidem
318 2715 520 2797 catholicam,
540 2735 619 2799 quaa
641 2713 811 2780 Caelestius
832 2713 980 2780 damnare
1001 2713 1154 2797 neglexit,
1174 2713 1294 2795 dicens,

131 2813 204 2880 Non
218 2817 259 2882 ad
273 2837 323 2882 me
338 2819 474 2904 pertinet
489 2818 528 2883 de
542 2819 592 2884 bis
608 2838 687 2904 quae
702 2818 827 2900 obiecit,
841 2817 896 2882 ubi
914 2837 1022 2882 meum
1043 2837 1158 2882 nomen
1177 2822 1243 2898 est,
1263 2823 1295 2880 et

134 2918 253 2984 crimen
267 2919 413 2984 alienum.
451 2921 540 2985 Tunc
559 2921 606 2986 illi
624 2920 803 2986 obtulerunt
825 2921 854 2986 ei
873 2920 970 2986 libros
985 2941 1074 3002 suos,
1088 2920 1144 2984 ubi
1160 2917 1295 3002 dicebat,

133 3022 235 3106 ipsam
254 3023 315 3087 sibi
334 3022 471 3088 bominis
491 3027 635 3090 naturam
657 3023 697 3088 ad
711 3025 935 3110 perfectionem
950 3043 1041 3110 posse
1057 3023 1215 3106 sufficere,
1234 3021 1294 3090 boc

134 3130 192 3206 est,
207 3131 328 3192 tantam
343 3133 448 3212 potest
462 3125 554 3192 bomo
569 3147 713 3192 exercere
727 3129 894 3210 iustitiam,
916 3133 952 3191 ut
971 3129 1066 3192 etiam
1081 3127 1149 3192 siue
1164 3135 1294 3213 peccato

132 3227 234 3312 possit
247 3247 316 3292 esee
333 3231 359 3292 si
373 3229 459 3292 velit.
482 3229 584 3294 Adam
599 3231 762 3296 mortalem
773 3233 900 3312 sactum,
916 3231 968 3315 qui
980 3231 1046 3295 sive
1057 3237 1212 3315 peccaret,
1228 3232 1293 3294 sire
1347 3228 1358 3263 ·'

132 3351 195 3394 ιιι
206 3337 362 3416 peccaret,
377 3335 650 3398 essetmoriturus.
674 3335 724 3400 Sic
736 3335 787 3398 lex
798 3334 886 3400 misit
896 3333 936 3398 ad
947 3354 1088 3416 regnum,
1102 3332 1185 3397 siout
1197 3353 1293 3397 evan-
1367 3326 1375 3336 ”

132 3432 222 3516 golia.
260 3433 400 3499 Infantes
420 3436 455 3499 in
470 3435 689 3502 remissionem
703 3443 903 3522 peccatorum
918 3435 1122 3521 baptizandos
1138 3455 1207 3500 esse
1222 3435 1292 3500 ideo

134 3536 329 3618 confitemur,
343 3543 470 3624 propter
489 3537 628 3621 regulam
646 3540 831 3604 universalis
852 3539 1012 3619 ecclesiae.
1049 3538 1135 3604 Nihil
1155 3539 1292 3604 obfuisse

132 3639 238 3722 generi
253 3638 390 3705 humano
406 3647 570 3725 peccatum
585 3641 680 3706 Adae.
715 3641 828 3708 Omnia
841 3642 917 3706 haec
933 3641 1164 3728 oppositionum
1179 3661 1294 3726 genera

132 3743 173 3806 ad
187 3741 401 3809 damnandum
416 3743 643 3809 obiiciebantur
654 3744 817 3810 Caelestio.
840 3744 901 3809 Sed
912 3745 965 3810 ille
978 3744 1103 3809 dicebat
1113 3745 1213 3810 multa
1224 3765 1293 3810 esse

131 3847 165 3910 iu
180 3845 230 3910 bis
246 3865 326 3930 quaa
340 3850 463 3910 teneret
476 3846 555 3911 tides
571 3848 653 3930 eius,
674 3855 706 3912 ιι
724 3852 850 3934 propter
864 3847 933 3933 ipsa
948 3853 1052 3912 cetera
1067 3847 1215 3912 damnare
1230 3868 1293 3914 nou

131 3969 235 4036 posse.
272 3948 361 4013 Tunc
382 3949 422 4013 ed
444 3949 626 4015 relationem
647 3971 746 4036 paene
762 3951 902 4016 omnium
915 3951 1061 4016 Afrorum
1075 3951 1292 4036 episcoporum

131 4073 214 4137 papa
228 4051 430 4116 Innocentius
446 4052 678 4119 damnationem
693 4060 725 4118 ιι
738 4053 863 4137 Pelagio
878 4061 910 4118 et
925 4055 1078 4119 Caelestia
1095 4055 1291 4140 conscripsit.

132 4155 182 4220 Illi
196 4160 312 4236 autem,
328 4155 393 4220 sive
408 4161 576 4240 antequam
592 4156 812 4220 damnarentur
826 4155 866 4220 ab
880 4157 1050 4222 uniuersali
1065 4157 1209 4235 ecclesia,
1225 4158 1291 4224 sire

131 4263 242 4344 pastea
256 4277 350 4342 quam
365 4257 505 4325 damuati
520 4265 608 4340 sunt,
629 4279 691 4324 non
712 4264 913 4323 cassaverunt
933 4259 1068 4324 scribere
1083 4281 1174 4344 posse
1189 4261 1290 4325 homi·

131 4381 206 4427 nem
221 4362 291 4426 siue
306 4367 433 4446 peccato
448 4383 533 4444 esse,
554 4369 585 4426 et
599 4361 677 4426 nihil
692 4361 829 4428 obfuisse
843 4362 947 4428 Adam
960 4365 1067 4445 generi
1087 4361 1240 4446 humano,
1260 4369 1292 4428 et

131 4463 234 4548 legem
249 4463 294 4528 sic
309 4466 434 4530 misisse
449 4465 490 4530 ud
505 4485 634 4549 rognum
649 4467 730 4530 sicut
743 4464 919 4548 evangelia,
940 4471 973 4528 et
991 4465 1128 4530 inientes
1143 4487 1204 4532 ιιι
1220 4467 1290 4534 ideo

131 4565 353 4653 baptizandos,
374 4569 446 4652 quia
465 4567 578 4634 hebere
598 4570 721 4654 possint
740 4567 887 4652 originale
902 4575 1081 4655 peccatum,
1102 4574 1133 4634 et
1147 4575 1291 4636 naturam

131 4676 197 4736 tana
212 4669 293 4736 bene
308 4669 423 4735 iactam
437 4691 457 4768 a
471 4669 540 4753 dec,
554 4677 590 4736 ut
603 4671 665 4738 sibi
679 4670 746 4737 sola
759 4672 895 4738 sufficiat
908 4671 949 4739 ad
960 4671 1019 4738 boc
1029 4677 1065 4738 ιι
1075 4674 1177 4758 possit
1185 4693 1290 4740 carere
