3120 4994
450 275 537 318 LlBER
548 275 694 320 annaeus
708 275 803 318 om!
816 274 970 318 sanusne.
1224 277 1285 342 279

120 438 193 500 tem
205 435 328 500 nesciat
342 435 488 520 quoniam
502 433 680 519 euangelica
693 436 794 520 gratia
804 409 981 516 evacuetur,
995 433 1023 498 si
1034 431 1074 498 ad
1084 431 1185 518 legem
1196 429 1285 498 Chri·

124 543 212 603 stnm
226 535 358 621 redigit?
760 601 763 607 ,

189 640 322 707 Accedit
334 637 394 706 'his
414 639 592 706 Theodotus
611 639 786 707 haereticas
806 639 990 726 Byzantius,
1009 640 1062 724 qni
1081 641 1286 724 posteaquam
1304 659 1354 714 cap.
1367 659 1445 702 xxna

126 742 243 810 Christi
256 765 312 829 pro
327 745 452 808 nomino
468 743 680 830 adprehensus
695 745 834 829 negarit,
848 746 882 808 in
897 742 1055 808 Christum
1069 740 1286 827 blasphemare

126 867 190 914 non
206 845 336 912 destitit.
372 846 554 912 Doctrinam
574 849 658 912 enirn
679 847 852 912 introduxit
871 866 933 931 qna
951 845 1109 911 Christum
1127 842 1287 910 hominem

127 949 343 1016 tantummodo
359 949 485 1033 diceret,
501 951 592 1016 doum
607 956 712 1016 autem
725 949 815 1014 illum
828 954 965 1033 negaret,
980 969 1019 1012 ex
1033 949 1145 1034 spiritu
1161 947 1286 1032 quidem
1316 980 1319 984 ·

128 1060 236 1118 sancto
251 1059 360 1118 natum
375 1053 425 1117 ¹et
443 1055 578 1137 virgine,
598 1053 656 1119 sed
674 1053 833 1119 hominem
852 1052 1024 1118 solitarium
1043 1056 1136 1136 atque
1155 1051 1285 1133 nudum,

128 1155 234 1222 ²nulla
247 1155 309 1220 alia
322 1177 398 1242 prae
413 1159 524 1222 ceteris
539 1157 601 1222 nisi
616 1157 683 1222 sole
696 1157 834 1222 iustitiae
849 1155 1041 1221 auctoritate.

190 1258 281 1324 Alter
294 1265 366 1344 post
379 1259 462 1324 hunc
478 1258 655 1326 Theodotus
670 1259 846 1324 haereticus
862 1259 974 1345 erupit,
989 1259 1043 1343 qui
1058 1259 1170 1344 etipse
1185 1259 1285 1322 intro·
1303 1277 1354 1331 css.
1367 1278 1440 1320 rrrv.

129 1361 219 1426 duxit
237 1361 367 1425 alterum
386 1367 504 1426 sectam
525 1369 556 1426 et
580 1362 685 1448 ipsum
707 1363 866 1428 hominem
887 1361 1045 1426 Christum
1069 1357 1285 1426 tantummodo

129 1463 206 1529 dicit
221 1483 259 1528 ex
273 1464 385 1550 spiritu
401 1471 507 1530 saneto
528 1464 578 1528 ¹et
596 1467 716 1548 virgine
730 1465 829 1530 Maria
844 1470 1031 1550 conceptum
1050 1463 1168 1550 pariter
1183 1467 1215 1526 et
1228 1482 1285 1528 na·

128 1573 206 1649 tum,
221 1565 276 1630 sed
291 1567 373 1631 huno
388 1567 567 1633 interiorem
578 1587 646 1632 osse
659 1589 753 1652 quern
763 1566 1004 1648 Melchisedech,
1019 1585 1054 1630 eo
1070 1564 1153 1650 quod
1168 1565 1287 1630 dictum

129 1671 171 1733 sit
190 1668 228 1732 de
249 1668 386 1734 Christo:
413 1668 479 1734 ²Tu
500 1691 533 1734 es
553 1669 698 1735 sacerdos
718 1673 752 1736 in
772 1677 934 1736 oeternum
952 1667 1124 1734 secundnm
1144 1667 1287 1733 ordinem

128 1769 365 1837 Melchisedech.
397 1772 493 1836 'Nam
513 1773 601 1838 illum
621 1773 849 1838 Melchisedech
872 1773 1056 1858 praecipuae
1077 1770 1193 1853 gratioe
1214 1791 1285 1835 cee-

127 1873 239 1940 lestem
254 1895 322 1938 esse
337 1877 497 1958 virtutem,
512 1897 547 1941 eo
563 1876 645 1960 quod
660 1881 732 1960 agat
743 1876 885 1966 Christus¹
898 1895 955 1960 pro
970 1873 1159 1956 hominibus,
1174 1873 1285 1960 depre-

128 1983 214 2043 cator
229 1982 262 2041 et
276 1977 443 2042 advocatus
459 1981 597 2064 ipsorum
610 1979 726 2058 sactus3
748 1977 978 2044 Melchisedech
992 1977 1092 2042 facere
1107 1998 1163 2063 pro
1184 1975 1285 2042 coele-

126 2079 229 2146 stibus
243 2071 362 2164 anpehs
377 2087 469 2166 atque
484 2082 660 2147 virtutibus.
683 2081 762 2146 Nam
779 2101 847 2147 esse
862 2081 951 2146 illum
964 2077 1151 2165 usqueadeo
1164 2079 1286 2145 Christo

123 2185 298 2267 meliorem,
311 2190 346 2249 nt
357 2182 487 2276 ἀπάπωρ
500 2187 550 2268 sit,
565 2185 689 2274 ἀμήτωρ
704 2184 756 2266 sit,
771 2184 1010 2276 ἀγενεαλογητᾶς
1021 2186 1072 2266 sit,
1087 2186 1175 2248 cuius
1185 2201 1286 2268 neque

122 2289 252 2354 initium
267 2309 367 2373 neque
382 2288 455 2352 finis
471 2287 713 2374 comprehensus
729 2290 770 2351 sit
784 2293 838 2352 aut
852 2287 1074 2374 comprehendi
1087 2289 1196 2373 possit.

192 2389 256 2456 Sed
279 2395 351 2477 post
377 2391 432 2456 hos
458 2411 565 2456 omnes
592 2393 686 2454 otiam
705 2391 840 2456 Praxeas
865 2391 992 2475 quidam
1010 2389 1166 2456 haeresim
1187 2391 1285 2458 intro·
1304 2413 1425 2468 casaur.

124 2493 233 2577 duxit,
253 2515 346 2578 quam
367 2493 561 2560 ¹Viotorinus
583 2493 779 2560 corroborare
803 2495 930 2560 curarit.
972 2493 1031 2558 Hic
1055 2493 1147 2558 deum
1165 2498 1286 2579 patrem

123 2599 373 2682 omnipotentem
384 2597 488 2662 Iesum
500 2597 658 2662 Christum
669 2618 737 2663 esse
753 2597 839 2680 dicit,
852 2597 935 2664 hunc
949 2596 1131 2662 crucifixum
1141 2595 1285 2682 passum-

124 2721 188 2786 que
205 2699 365 2765 contendit
380 2706 412 2765 et
425 2705 592 2784 mortuum,
611 2705 773 2787 praeterea
787 2721 819 2766 se
834 2703 939 2785 ipsum
955 2701 1015 2765 sibi
1031 2699 1139 2764 sedere
1154 2700 1193 2765 ad
1209 2697 1284 2766 dex·
1300 2711 1304 2722 ’

122 2810 226 2869 tcram
241 2824 331 2868 snam
346 2823 416 2870 eum
430 2804 561 2891 prolana
574 2809 605 2868 et
620 2804 770 2888 sacrilega
783 2803 961 2868 temeritate
975 2805 1131 2889 proponit.

194 2989 257 3062 Cap.
269 2989 367 3044 xxm.
388 3020 421 3030 —
453 2991 473 3044 l.
495 2993 539 3045 Ita
557 2995 665 3044 correxi.
695 2989 771 3042 La'hre'
787 2999 840 3042 tam
856 2993 948 3060 scripti
964 3008 1037 3059 mam
1055 2991 1119 3042 odia
1134 2989 1229 3044 habent
1243 3007 1284 3046 ox.

123 3059 150 3115 2.
165 3059 234 3112 Pars
245 3061 365 3112 librorum
378 3059 454 3112 habet
464 3061 535 3113 nullo
547 3060 607 3113 allo.

194 3127 257 3198 Cap.
273 3127 370 3181 XXIV.
386 3159 420 3168 -
452 3129 473 3182 1.
493 3129 538 3180 Ito
555 3133 662 3183 correxi.
695 3127 772 3180 latri
787 3137 838 3181 tuae
855 3132 948 3198 acsa'pte'
964 3146 1037 3197 pacm
1055 3129 1118 3181 editi
1134 3127 1228 3182 lrabeat
1241 3145 1284 3184 ex.

123 3195 548 3252 2.flebr.v.6.vnao.v11.17.

193 3263 354 3335 capiixv.
372 3294 405 3304 -
436 3265 458 3318 l.
482 3265 520 3330 Cf.
542 3264 566 3315 Τ
563 3267 645 3318 ertull.
662 3266 730 3319 Ado.
746 3265 827 3320 Pras.
844 3268 868 3318 1.
897 3265 934 3318 lle
952 3269 1073 3318 oeaeredum
1089 3275 1127 3320 eet
1142 3267 1230 3320 Victor
1246 3269 1286 3319 vel

122 3333 214 3388 victor
223 3333 369 3406 episcopus.
411 3333 474 3388 Vide
486 3336 685 3404 qrsaeodaotuoi
696 3336 727 3388 de
739 3334 763 3390 le.
776 3336 793 3390 1.
806 3344 861 3390 tom.
874 3334 913 3388 11.
930 3285 993 3406 gpp.
1010 3333 1164 3390 Tertulliani
1169 3355 1197 3408 p.
1212 3334 1272 3392 765.
