3100 4980
458 305 497 346 DE
510 305 734 346 nummismais
746 303 938 346 noeuarmus.
1215 305 1275 370 351

112 481 214 526 causa
227 460 362 526 vacandi
379 461 504 526 domino
521 463 664 545 eligatur;
684 463 821 546 alioquin
843 461 1012 526 divortium
1027 460 1126 542 magis
1143 461 1279 543 coniugii

112 563 279 628 videbitur
294 583 365 627 esse
380 585 474 648 quam
487 564 645 630 *castitas

180 667 352 748 Virginitas
367 673 498 750 utroque
514 669 595 733 bono
611 668 798 752 praecelsior
812 673 870 749 est,
887 669 960 751 quia
975 671 1007 729 at
1021 671 1165 729 naturam
1178 664 1279 728 vincit
1296 682 1346 772 cpp-
1360 681 1446 772 uffin-

113 775 149 832 et
160 789 307 854 pugnam,
318 776 462 833 naturam
474 771 610 855 corporis
622 771 808 853 integritate,
816 789 952 855 pugnam
964 789 1040 853 pace
1053 767 1277 832 ¹castimaniaa.
1296 735 1304 785 (
1319 746 1356 783 ''¹''
1428 733 1442 782 ’)

180 872 304 936 Bonum
318 879 368 936 ast
382 871 432 936 ¹iu
448 874 553 938 cibum
569 893 640 936 cum
655 876 823 956 gratiarum
838 875 959 938 actione
972 890 1094 934 sumere
1108 868 1279 953 ²quidquid
1296 888 1347 978 epo
1360 889 1455 978 xbxppp

114 976 197 1040 deus
212 975 368 1040 edendum
383 978 550 1060 praecepit.
576 975 743 1039 Abstinere
757 964 861 1040 autem
876 977 915 1039 ab
931 974 1097 1057 aliquibus,
1112 993 1175 1037 non
1190 975 1279 1056 quasi
1297 941 1304 992 (
1324 953 1357 989 '⁹'
1391 967 1397 978 ’
1440 968 1444 977 ’

114 1078 228 1158 malis,
247 1078 303 1142 sed
324 1080 413 1160 quasi
433 1099 496 1142 non
511 1081 712 1160 necessariis,
726 1099 788 1142 non
805 1085 853 1141 est
866 1077 992 1142 malum.
1030 1075 1184 1140 Moderati
1204 1096 1277 1140 vero

113 1183 244 1245 ³eorom
258 1201 350 1244 usum
365 1201 420 1265 pro
432 1183 619 1244 necessitate
635 1187 667 1243 et
677 1186 814 1266 tempore
826 1183 950 1265 proprie
962 1179 1209 1244 Christianorum
1221 1185 1277 1242 est.

183 1283 298 1348 ¹llIalas
314 1283 416 1346 dicere
432 1285 569 1368 nuptias,
584 1282 634 1347 vel
648 1283 843 1348 Iomicationi
858 1283 1083 1368 comparandas
1096 1287 1150 1344 aut
1161 1287 1279 1365 stupro,
1297 1309 1347 1377 opp.
1362 1309 1456 1369 ruric.

116 1389 208 1451 cibos
227 1385 319 1450 ²vero
340 1385 468 1450 credere
486 1385 586 1450 malos
606 1392 656 1450 vel
675 1385 767 1450 ³mali
787 1405 913 1450 causam
932 1385 1194 1470 percipieuthus,
1215 1403 1278 1455 non
1298 1361 1357 1412 (ω’
1371 1360 1464 1410 Μ)

115 1495 168 1552 est
183 1488 444 1569 Christianorum,
459 1488 515 1552 sed
530 1488 654 1573 proprie
668 1487 912 1552 ⁴Encratitarum
928 1495 961 1551 et
974 1487 1236 1552 Manichaeorum.

183 1592 331 1656 Sacratae
348 1591 424 1655 ¹deo
438 1591 610 1672 virginitati
625 1593 750 1675 nuptias
765 1611 947 1675 coaequare,
967 1597 1021 1654 aut
1035 1612 1090 1675 pro
1105 1609 1210 1654 amore
1226 1610 1278 1652 oa·
1298 1617 1349 1666 (aa.
1361 1617 1447 1679 uxav.

115 1693 257 1776 stigandi
279 1694 416 1778 corporis
436 1693 668 1757 abstinentibus
691 1715 709 1756 a
728 1696 799 1758 vino
819 1693 868 1756 vel
889 1694 1034 1757 carnibus
1053 1692 1133 1756 nihil
1153 1691 1279 1755 credere
1299 1669 1359 1720 ‘⁰³¹³'
1373 1667 1477 1717 ΝΜ)

115 1799 225 1861 meriti
241 1815 430 1876 accrescere,
445 1793 594 1870 ²nechoo
611 1795 787 1877 Christiani,
803 1795 858 1859 sed
873 1797 1024 1860 Ioviniani
1040 1801 1096 1859 est.

183 1899 310 1980 Integra
323 1898 385 1962 fide
401 1897 591 1962 eredendum
607 1905 656 1960 est
670 1899 794 1962 beatam
808 1898 938 1964 Mariam
953 1897 1003 1961 dci
1019 1897 1134 1962 Christi
1149 1903 1280 1960 matrem
1298 1926 1349 1975 χχχ.
1363 1925 1457 1966 xxxvi.

117 2007 152 2066 et
165 2003 320 2083 virginem
335 2003 532 2085 concepisse,
552 2006 585 2063 ot
598 2003 750 2082 virginem
765 2003 923 2082 genuisse,
942 2007 1059 2084 etpost
1073 2006 1197 2084 partum
1217 2001 1279 2063 vir·
1299 1979 1358 2029 (ΟΨ
1374 1977 1457 2026 Μ)

117 2107 228 2187 ginem
242 2105 459 2188 permansisse.
491 2103 555 2168 Nec
568 2109 616 2166 cst
631 2103 841 2188 blasphemiae
855 2103 992 2166 Helvidii
1007 2102 1280 2186 acquiescendum,

120 2209 178 2289 qui
195 2205 289 2270 dixit:
301 2201 316 2242 '¹
324 2206 418 2287 Virgo
430 2212 503 2268 ante
519 2211 653 2290 partum,
668 2226 731 2294 uon
745 2206 830 2288 virgo
845 2211 916 2289 post
929 2211 1061 2289 partum.

184 2307 357 2389 Elementa,
372 2308 404 2372 id
420 2313 469 2372 est
483 2309 604 2372 caelum
620 2314 651 2372 et
665 2313 780 2372 terram
795 2328 856 2372 non
873 2307 1046 2372 ¹credimus
1058 2307 1212 2374 abolenda
1226 2327 1282 2391 per
1299 2338 1349 2387 op.
1363 2338 1467 2378 xxxva

116 2415 243 2494 ignem,
264 2411 319 2476 sed
334 2413 367 2474 in
382 2410 495 2476 melius
511 2410 743 2490 commutanda
759 2412 888 2492 figuram
903 2429 1025 2494 quoque
1039 2411 1166 2491 mundi,
1186 2411 1218 2474 id
1234 2417 1282 2474 est
1299 2391 1359 2441 (ΟΨ
1375 2391 1446 2438 Μ’)

117 2515 301 2596 imaginem,
316 2533 380 2578 non
395 2514 615 2594 substantiam,
630 2515 838 2576 transituram.

185 2617 307 2682 Bonum
329 2623 378 2682 est
396 2616 561 2680 facultates
582 2637 653 2680 oum
678 2615 908 2701 dispensatione
929 2616 1119 2700 pauperibus
1145 2635 1477 2704 erogare.o„,xxxv1o,

117 2717 234 2784 Melius
249 2725 297 2784 est
312 2741 366 2805 pro
382 2720 555 2784 intentione
571 2719 722 2804 sequendi
737 2718 896 2782 dominnm
912 2717 1026 2782 ¹semel
1038 2717 1164 2800 donare,
1179 2725 1210 2782 et
1224 2719 1281 2784 ab·
1300 2701 1360 2750 ‘⁰⁸¹³'
1374 2699 1457 2746 Lm)

119 2823 259 2887 solutum
274 2822 484 2888 sollicitudine
499 2843 570 2888 eum
585 2822 707 2888 Christo
723 2841 820 2904 egara.

186 2925 334 2988 Maritum
353 2923 484 2989 duarum
505 2933 576 3010 post
596 2926 787 3008 baptismum
806 2929 1017 2988 matronarum
1044 2921 1193 2988 clericum
1219 2943 1281 2988 non
1300 2957 1350 3006 χχχ,
1364 2957 1458 2996 χχχιχ,

32 3059 34 3062 ’
120 3027 346 3093 ordinandum:
361 3047 465 3110 neque
479 3048 549 3090 eum
565 3029 729 3110 quianam
748 3027 884 3112 quidam,
901 3025 972 3090 ¹sed
988 3025 1205 3108 concubinam,
1219 3047 1281 3090 uon
1301 3007 1360 3060 ‘⁰⁸⁹'
1374 3007 1468 3056 mu)

118 3136 309 3210 matronam,
324 3129 448 3193 habuit:
464 3149 522 3192 neo
536 3129 626 3194 illum
641 3132 695 3212 qni
708 3129 845 3210 viduam,
865 3135 918 3192 aut
932 3129 1137 3213 repudiatam,
1151 3129 1202 3194 vel
1215 3149 1282 3196 me-

121 3231 270 3296 retricem
284 3231 318 3294 in
333 3231 533 3296 matrimonio
549 3231 699 3316 sumpsit:
719 3251 819 3315 neque
832 3252 902 3296 eum
918 3231 971 3314 qui
987 3235 1189 3318 semetipsum
1206 3253 1282 3315 quo·
1366 3307 1371 3322 Ι

126 3335 207 3400 libet
222 3333 360 3418 corporis
381 3333 429 3398 sui
445 3335 584 3398 membro
607 3329 820 3415 indignatione
841 3334 945 3416 aliqua
964 3334 1013 3398 vel
1032 3337 1113 3399 iusto
1129 3337 1283 3399 iniustoue

192 3487 215 3538 l.
232 3485 246 3535 I
247 3495 272 3536 to
284 3484 452 3548 Benedictio,
465 3495 489 3536 et
499 3483 553 3537 rod
566 3483 591 3534 F
589 3486 675 3536 torcat.
689 3483 802 3536 Etanna
815 3487 894 3536 elidit
905 3485 1027 3554 appetitio
1039 3487 1173 3539 castitalis

138 3626 176 3676 ‹l'r
192 3553 380 3673 gapeilpffll.
392 3584 426 3594 -
455 3554 475 3607 l.
488 3554 664 3617 castimoniae,
677 3567 744 3622 quae
756 3569 801 3622 pro
814 3555 870 3605 solo
881 3569 969 3606 amore
980 3553 1119 3623 pudicitiae
1130 3555 1157 3606 io
1168 3569 1231 3622 paee
1243 3561 1282 3606 ast

121 3643 136 3674 e
155 3645 256 3760 ¹‘Gap
268 3665 393 3744 XXXIII.
406 3719 439 3728 --
459 3689 480 3743 l.
496 3691 522 3742 in
539 3709 584 3744 om.
602 3693 660 3742 edit.
679 3690 793 3744 Elmeah.
847 3690 870 3742 2.
887 3695 913 3742 et
925 3690 1049 3810 unidqnid
1066 3691 1128 3743 deus
1146 3691 1283 3760 praecepit,

120 3759 252 3812 edendum
265 3762 376 3812 asteda't.
390 3757 503 3812 Eloueot.
554 3759 578 3810 3.
590 3757 662 3811 MSS.
675 3760 791 3812 carnium
802 3775 887 3812 usum.
923 3761 929 3824 l
957 3759 1038 3828 ened.)

194 3827 255 3896 [lap.
269 3827 392 3880 XXXIV.
406 3857 438 3865 -
463 3827 484 3880 I.
498 3827 580 3878 Malas
592 3843 652 3880 raro
664 3827 748 3880 dicere
760 3831 818 3883 edit.
835 3827 948 3881 eimau.
1002 3827 1025 3878 ιὶ.
1043 3843 1145 3896 quoque
1162 3829 1220 3880 edil.
1239 3827 1282 3877 Et·

121 3895 205 3948 meah.
256 3895 280 3948 3.
296 3895 359 3947 mali
372 3911 463 3948 causas
478 3911 563 3947 creare
571 3896 775 4014 percipientibus
792 3899 847 3950 cod.
862 3897 971 3949 Floreat.
983 3896 1096 3947 malitias
1108 3911 1214 3947 causare
1227 3911 1283 3964 per·

121 3963 353 4046 cipieni'ihusledit.
367 3963 480 4018 Eumeni.
501 4033 506 4044 ¹
533 3964 557 4016 4.
586 3973 613 4044 ta
626 3967 657 4015 ile
669 3965 787 4046 libranum
799 3982 896 4015 auorum
909 3968 1061 4046 (paretonium
1072 3966 1284 4045 rcctcuedliderunt

122 4031 1283 4192 dil-‘titt'tlt-‘tttltttltttttt‘'lfilllltitttt‘flt‘.tttt‘tlt·stt?

127 4172 174 4221 cm
188 4169 473 4308 iiiiiimXXXnVQai.
482 4169 634 4300 vyeiiocffllid’
648 4253 689 4304 op.
704 4236 819 4289 Elmenb.
871 4235 894 4289 2.
912 4253 964 4288 non
978 4239 1037 4291 edit,
1054 4235 1165 4289 Elmeat.

193 4308 255 4376 Gap.
269 4305 391 4358 XXXVI.
404 4335 437 4344 —
458 4306 478 4358 l.
490 4305 540 4358 luit
550 4306 624 4373 ulrgo
638 4307 696 4356 edit.
708 4303 824 4356 Elmeoh.

193 4373 257 4444 Gap.
269 4373 404 4426 XXXVII.
416 4405 450 4413 -
470 4375 492 4428 l.
505 4373 639 4426 credamus
652 4375 710 4426 edit.
722 4372 836 4424 Etmeot.

193 4443 256 4512 Gap.
268 4441 415 4496 XXXVIII.
427 4473 461 4482 -
480 4444 501 4494 l.
518 4443 599 4496 semel
617 4444 670 4494 cod.
683 4441 803 4503 Floreat,
822 4450 845 4492 et
861 4443 919 4492 edit.
933 4441 1026 4496 Beued.
1044 4443 1149 4495 insimul
1165 4444 1224 4496 edit.
1238 4443 1283 4494 Et-

121 4512 215 4574 maia,
228 4528 283 4562 cum
295 4515 392 4564 aalma.

194 4580 257 4648 Cap.
270 4579 396 4632 XXXIX.
409 4609 441 4618 -
462 4581 482 4631 l.
495 4597 547 4632 non
561 4582 615 4634 rod.
630 4579 741 4634 Floreat.
