3144 4986
533 281 868 333 nsssmnsmusumsa
1237 287 1275 351 31

177 441 254 508 Post
267 441 326 510 hos
340 443 569 508 sunthaeretici
585 441 843 528 quierangelium
854 441 952 507 ικοιναὶ
967 438 1121 513 Ἰωάννην·
1135 446 1168 524 et
1179 439 1277 528 ‘Apo
1297 456 1347 508 0⁸1³·
1360 455 1404 496 hx·

122 544 267 632 eclypsim
288 548 387 632 ipsius
409 567 473 612 non
493 549 667 633 accipiunt,
688 555 720 612 ot
739 548 828 612 ³cum
850 567 912 613 non
931 545 1111 628 intelligunt
1130 548 1279 612 virtutem

121 651 298 735 scripturae,
312 649 388 716 ⁴nec
403 649 584 716 desiderent
599 651 730 731 discere,
745 654 779 714 in
793 651 918 715 haeresi
937 655 1123 735 permanent
1142 669 1277 734 pereun-

120 757 178 835 tes,
191 759 228 817 nt
249 755 344 820 etiem
362 753 503 818 Cerinthi
521 753 605 818 illius
620 754 789 818 haereticit
811 773 880 818 esse
899 752 1037 818 audeant
1054 751 1156 817 dicere
1178 753 1277 837 ⁵Apo·

120 855 269 942 eelypsim
279 856 397 942 ‘ipsius
408 856 518 922 itidem
525 867 547 939 ⁰,
562 877 625 923 uon
638 857 721 922 beati
733 857 859 922 loannis
870 855 1079 946 evengelistae
1092 861 1124 920 ot
1135 853 1279 940 apostoli,

119 958 170 1023 scd
185 959 326 1024 Corinthi
348 959 512 1042 haeretici,
534 960 605 1045 ⁷qui
627 967 703 1026 tuno
724 960 764 1026 eb
786 959 937 1046 apostolis
960 958 1080 1024 beatis‘¹
1102 958 1279 1024 haereticus

119 1062 335 1128 manifestatus
351 1063 491 1129 abiectus
507 1069 557 1128 est
569 1064 609 1128 eb
623 1063 766 1130 ecclesie.
1377 1109 1379 1116 ·

177 1165 354 1232 Manichaei
368 1173 440 1252 post
454 1167 511 1232 hos
527 1165 566 1232 de
582 1167 863 1234 ¹Pcrsideait1ene
880 1167 1021 1250 homine,
1037 1169 1103 1230 sive
1115 1163 1280 1230 Turbone·
1297 1177 1348 1226 cto·
1362 1175 1416 1216 m

120 1271 160 1333 ite
174 1269 270 1352 dicto,
286 1277 497 1354 surrexerunt,
512 1269 651 1336 fomente
666 1271 704 1336 de
719 1270 783 1335 illis
799 1269 811 1308 ²
817 1271 1003 1356 perniciosis
1019 1275 1179 1335 sumentes
1195 1269 1279 1353 prio·

120 1373 237 1455 ribusb,
258 1375 312 1457 qui
333 1372 409 1438 duos
430 1371 529 1456 deos,'
542 1393 641 1440 unum
661 1375 778 1439 bouum
799 1379 830 1436 et
850 1393 948 1438 unum
970 1372 1089 1438 melum
1103 1393 1172 1438 esse
1188 1371 1280 1436 adse·

121 1483 237 1558 rentes,
259 1483 291 1539 et
310 1497 448 1562 pugnam
467 1479 549 1542 inter
565 1477 659 1542 deum
674 1483 706 1542 et
721 1477 900 1543 dominum⁶
915 1497 984 1542 esse
999 1475 1235 1564 praedicantes,
1251 1480 1282 1538 et

121 1577 254 1644 hominis
270 1579 397 1663 quidem
412 1581 549 1646 animem
565 1580 602 1645 de
619 1581 677 1646 deo
693 1599 769 1649 esse.
777 1582 901 1666 proprie
916 1585 1080 1666 putantes,
1096 1599 1209 1665 corpus
1225 1598 1280 1641 su·

121 1688 180 1747 tem
196 1705 215 1747 e
231 1681 353 1749 diabolo
366 1683 484 1748 iactum
503 1684 707 1762 arbitrantur3
730 1684 987 1749 resurrectionem
1003 1689 1153 1765 negantes
1160 1681 1185 1765 ‘¹,
1199 1679 1282 1748 iudi-

185 1887 249 1958 Oep.
261 1885 317 1941 Lx.
335 1893 363 1940 iu
379 1889 439 1942 atui
452 1893 534 1942 inseri
552 1897 601 1942 tem
619 1898 656 1942 est
670 1871 802 1944 Hsseesrs
823 1905 992 1942 comesurus
1011 1905 1115 1942 rosnsrs
1133 1905 1166 1940 er
1182 1902 1282 1942 noor-

123 1971 212 2010 cresnr
225 1973 307 2010 ursive
320 1971 459 2012 eerroruss.
474 1989 506 1998 ——
529 1908 556 2013 i.
569 1957 632 2010 κατὰ
643 1954 757 2023 Ἰωάννην
771 1957 803 2012 Β.
816 1955 959 2012 secundum
971 1956 1096 2010 loannem
1107 1957 1206 2040 retipoi.
1258 1955 1282 2011 2.

122 2025 379 2096 Apocalypsintdit.
425 2026 666 2097 &commisitt
712 2027 736 2081 4.
748 2027 887 2096 enutriit.
932 2025 1028 2080 noth
1065 2025 1104 2079 cel
1141 2041 1191 2077 erm
1201 2025 1283 2079 Bubc.

123 2093 164 2148 ui
195 2095 237 2146 ius
249 2093 339 2147 itidem
352 2095 386 2147 A.
401 2095 491 2148 itidem
508 2098 606 2164 reliqui.
618 2095 714 2149 ibidem
732 2095 869 2148 Cuteiers'ue
884 2093 993 2148 Murrum.
1033 2096 1081 2148 ccl.
1134 2103 1208 2148 .tonr.
1222 2093 1245 2148 1.
1255 2111 1282 2164 p.

126 2161 182 2218 77.
235 2162 629 2234 7.quitunc(A)tc.tunoBa.

187 2247 250 2320 Gap.
258 2247 328 2301 LXI.
339 2253 366 2300 in
377 2249 457 2302 Bate.
470 2254 618 2320 inuentorem
627 2249 704 2303 ieter
714 2249 878 2305 Mnsrosser.
888 2279 921 2290 -
932 2250 954 2302 1.
966 2249 1071 2304 Perside
1085 2247 1116 2304 B.
1128 2247 1231 2304 Perside
1243 2265 1283 2301 re·

124 2317 188 2385 tiqui.
243 2316 267 2372 2.
280 2318 428 2388 pernitiosis
447 2320 480 2373 Α.
492 2320 633 2390 pernitiose
645 2321 743 2389 reliqui.

154 2521 179 2576 g.
203 2507 231 2559 in
249 2507 341 2576 spiritu
357 2507 455 2561 domini
479 2510 676 2578 sempiternum]
728 2509 782 2562 lum
795 2508 882 2560 Manis
893 2507 996 2563 Persice
1001 2509 1092 2578 lingue
1101 2514 1191 2562 notare
1201 2508 1284 2561 homi·

123 2574 163 2628 Sic
171 2577 349 2640 oxmemorie,
358 2581 388 2629 ut
396 2578 470 2640 solet,
481 2579 560 2631 verbe
569 2579 618 2631 scri
637 2583 677 2632 tn-
727 2593 787 2632 nem
808 2578 900 2647 lingua
913 2577 1105 2631 contentiosum
1127 2575 1244 2648 ὁμιλητὴν
1258 2582 1285 2630 et

122 2642 439 2714 reeessegetPhilestrius.
458 2645 525 2699 Nem
536 2595 677 2717 apsidas·
729 2661 747 2696 κ
762 2644 789 2706 ὀς
800 2643 901 2705 διάλεξιν
912 2645 1065 2715 δραστήριον,
1074 2644 1193 2698 noteutO
1226 2645 1232 2660 ’
1253 2661 1284 2698 us

122 2711 258 2782 mnest-
292 2710 342 2764 irtr
355 2714 472 2781 πνεύματι
484 2712 556 2784 ἁγίῳ.
591 2715 649 2780 (F.)
761 2715 853 2768 erosoi.
870 2712 1003 2766 Getechesi
1017 2714 1061 2768 VI.
1082 2713 1120 2768 13.
1137 2713 1197 2767 etP
1216 2714 1284 2766 otius

153 2780 216 2853 Gap.
288 2809 351 2835 .-
380 2797 403 2836 e.
427 2783 591 2853 evangelium
615 2781 678 2836 surh
727 2783 772 2836 lib.
787 2783 809 2836 l.
829 2779 1110 2847 conuenientem,
1126 2783 1188 2836 licet
1204 2783 1226 2834 si
1265 2782 1284 2834 i-

123 2845 247 2916 Ἰωᾶννην]
270 2850 318 2902 Alo
339 2867 368 2902 os
391 2849 439 2904 hoo
459 2853 564 2905 nomine
591 2853 678 2924 arguit
727 2850 858 2904 flectionis
874 2849 1183 2921 illinerestigiumhodio
1197 2852 1225 2904 in
1247 2851 1285 2902 in·

123 2915 678 3058 districtissimi?
729 2917 1285 3058 ueistetentis?eutitii?

123 3051 237 3108 iecerunt
259 3054 381 3120 iibiouei,
395 3055 567 3122 Corinthiam,
585 3057 677 3112 Oerdo-
728 3073 787 3110 rum
799 3073 824 3127 p.
841 3055 899 3112 284.
924 3057 965 3110 Ex
984 3057 1125 3128 Augustini
1145 3073 1168 3112 c.
1188 3057 1229 3112 46.
1255 3055 1286 3110 de

123 3124 242 3245 hihi
257 3122 679 3255 istituthztttutrt
729 3123 870 3247 tutin
905 3126 987 3246 ‘tt
998 3126 1092 3248 “fiili
1105 3126 1288 3248 cuttu

121 3233 352 3313 tribuere'ridetur
366 3261 516 3316 Theodorus
531 3263 680 3316 Scumriote
724 3207 796 3332 ¹elios
817 3269 858 3315 eet
875 3233 998 3315 Uettium
1013 3210 1054 3316 vqel
1071 3261 1207 3318 urcisci.
1232 3211 1288 3315 dos

122 3329 147 3380 in
158 3328 258 3382 scholio
271 3328 304 3382 ed
317 3327 435 3390 Nicetem
447 3330 489 3385 IV.
501 3331 542 3386 ii.
554 3331 680 3386 Thesauri
730 3331 797 3384 bene
809 3347 837 3384 se
848 3329 928 3385 hebet
937 3331 1015 3385 lectio
1026 3331 1145 3402 vulgma
1160 3347 1223 3386 nam
1237 3331 1288 3384 icit

123 3395 367 3462 OrthodoxeeFidei,
391 3397 479 3453 noddo
486 3401 605 3455 omnibus
611 3407 680 3456 certe
731 3415 795 3453 sene
805 3399 893 3454 Turbo
905 3399 1010 3470 quidum
1021 3399 1134 3454 Menetis
1146 3399 1287 3482 discipulus

122 3480 210 3520 rerum
222 3473 337 3521 nonest.
363 3415 422 3532 (h.)
732 3467 845 3538 Τύρβων,
863 3469 937 3521 cuius
955 3469 1074 3522 meminit
1084 3468 1245 3540 Epiphamus
1256 3467 1286 3524 Τ.

154 3535 178 3589 b.
197 3533 316 3587 cerinthi
328 3536 397 3588 iilius
410 3534 543 3604 haeretici]
561 3535 679 3608 Evange-
735 3537 756 3591 l.
782 3535 950 3600 .623.642.(
975 3542 994 3602 .)

122 3601 318 3684 liumlcheunis
330 3603 580 3673 quiedGerinthum
592 3613 680 3660 aueto-
762 3553 790 3658 h.
815 3604 845 3657 de
866 3605 918 3658 illis
939 3605 1079 3674 prioribus]
1107 3605 1141 3659 Ut
1156 3605 1287 3659 vuonfini

121 3686 175 3724 rem
185 3673 316 3737 retulerit,
332 3673 418 3726 nuilus
430 3675 536 3728 omuino
554 3675 615 3740 tuit,
631 3677 680 3728 ita·
732 3671 822 3726 schola
838 3673 1079 3739 remordeamur
1098 3675 1191 3744 quibus
1209 3687 1287 3744 supra

32 3763 34 3782 ν
123 3739 310 3808 queedsotem
319 3739 679 3822 Apocalypsiuhaecrestrin-
731 3757 754 3796 c.
766 3740 808 3796 38.
821 3741 899 3796 cro.
934 3741 993 3807 (F.)

122 3807 207 3876 gende
218 3807 350 3862 Philastrir
361 3811 453 3874 verbe,
467 3827 546 3880 quem
558 3810 679 3866 Cerintho
761 3825 783 3864 c.
793 3809 1126 3878 interdeumetdominum]
1136 3809 1287 3863 Interdcum

121 3878 270 3930 tribuerunt
281 3877 329 3930 Alo
351 3879 435 3932 'teste
446 3878 592 4000 Epiphanio
604 3880 644 3935 LI.
654 3879 678 3936 3.
731 3879 830 3931 bonum
847 3884 874 3932 et
889 3881 957 3933 inter
973 3879 1120 3943 dominum,
1138 3879 1182 3947 qui
1201 3879 1288 3946 legem

122 3951 147 3996 et
167 3945 212 3998 elii
234 3961 306 3998 nonu
348 3945 403 4030 'de
424 3949 468 4018 qui
487 3963 518 4000 us
538 3949 679 4030 Dionysius
730 3947 899 4028 perhioyeen
916 3947 986 4001 dedit
1001 3953 1028 4002 ct
1044 3949 1071 4000 in
1088 3946 1212 4028 Hebraeis
1229 3963 1287 4017 pro·

121 4013 196 4069 Alex.
214 4015 285 4085 epud
300 4013 442 4069 Eusebium
457 4015 512 4070 VII.
524 4015 565 4071 id.
582 4017 679 4072 Hister.
731 4014 816 4086 phetes
828 4017 930 4069 locutus
942 4022 990 4080 est,
1001 4015 1070 4068 hunc
1083 4031 1153 4068 enam
1164 4031 1218 4068 non
1229 4031 1287 4068 esse

121 4081 206 4144 Quam
226 4099 290 4136 vero
309 4085 399 4153 procul
422 4100 438 4136 e
457 4085 680 4139 verisimilitudine
730 4097 820 4136 verum
833 4083 922 4149 deum,
935 4085 980 4137 sed
992 4099 1115 4137 unnmex
1127 4083 1288 4154 principibus

120 4158 222 4205 mmote
233 4152 268 4204 sit
279 4151 344 4206 haec
354 4153 490 4218 sententia,
503 4153 571 4207 idem
582 4153 679 4223 Diony·
730 4153 909 4218 tenebrarum,
924 4153 1016 4206 Menos
1033 4151 1243 4223 blasphemabat,
1259 4157 1289 4204 ut

121 4219 174 4341 ’Ὗ
188 4219 671 4356 turtureus-‘trudit
731 4219 1287 4359 iiihisitffliffiiphfflffli

121 4369 145 4426 p.
156 4331 216 4414 dus.
229 4359 331 4412 itidem.
367 4357 446 4423 (F.)‘
494 4332 500 4344 ⁸
671 4331 678 4346 ³
766 4355 790 4412 d.
807 4357 1030 4413 Resurrectionem
1045 4360 1184 4430 negantes]
1202 4357 1287 4412 Etiam

153 4425 178 4482 d
196 4427 232 4480 ab
247 4427 376 4499 apostolis
392 4427 487 4495 boetis]
505 4425 591 4499 Supra
602 4443 624 4482 c.
637 4427 679 4482 36.
730 4425 760 4478 in
770 4425 820 4480 hoc
831 4425 962 4481 Valentini
973 4429 1038 4482 vos'
1061 4429 1075 4442 '⁸
1099 4429 1204 4484 Menam
1215 4428 1288 4482 iusti-

121 4493 228 4560 (Face.)
731 4494 796 4549 tissa
815 4494 925 4549 Rufinus
944 4497 972 4552 in
992 4513 1052 4569 sym
1071 4498 1105 4551 uli
1126 4497 1289 4569 expositione

153 4563 217 4638 cap.
229 4563 298 4624 LXI.
310 4593 345 4608 -
368 4577 392 4621 e.
409 4565 541 4634 Turbone]
563 4565 680 4624 Voeebu·
732 4569 848 4621 eunotet.
882 4565 942 4632 (F.)
