3120 4994
453 301 540 344 LIBER
552 299 697 344 ADVERSUS
711 299 807 342 oms
820 299 974 342 ΗΑΕΒΕΙΕΕ.
1240 301 1301 366 ΥΠ

197 459 269 524 Non
289 458 456 524 defuerunt
476 463 549 546 post
567 459 625 524 hos
639 457 763 524 lllarcrm
779 457 908 542 quidam
922 463 955 520 et
968 455 1166 539 Colarbasus,
1187 477 1303 523 novam
1320 478 1371 532 cap.
1388 479 1433 519 xv.

130 562 290 626 haeresim
305 581 344 626 ex
359 563 547 626 Graecorum
562 562 728 648 alphabeto
745 566 976 646 componentes.
1009 559 1133 642 Negant
1147 561 1234 624 enim
1248 581 1302 624 ve·

133 668 261 730 ritatem
277 667 345 728 sine
361 667 430 730 istis
445 685 539 751 posse
554 665 667 730 litteris
681 667 827 748 inveniri,
848 667 943 728 immo
959 669 1057 728 totam
1072 661 1303 747 plenitudinem

133 775 168 832 et
182 769 407 853 perfectionem
423 771 564 832 veritatis
579 771 612 832 in
628 771 697 832 istis
718 769 831 832 litteris
850 787 920 832 esse
942 766 1135 852 dispositam.
1172 766 1304 850 Propter

133 872 217 966 hepo
233 871 317 934 enim
338 889 464 936 causam
481 871 639 935 Christum
659 872 792 952 dixisse,
813 871 893 953 ¹Ego
914 891 984 934 sum
1004 875 1024 926 A
1044 875 1076 932 et
1095 874 1125 926 Ω.
1160 869 1303 954 Denique

136 973 241 1038 lesum
257 973 417 1038 Christum
433 974 650 1056 descendisse,
669 975 702 1040 id
723 981 772 1039 est
792 973 969 1038 columbam
988 973 1142 1038 inlesum
1162 973 1303 1051 venisse3

135 1095 218 1160 quse
233 1077 351 1141 Graeco
372 1081 498 1142 nomine
519 1099 591 1142 oum
609 1078 769 1166 περιστερὰ,
789 1079 1022 1163 pronuntietur,
1043 1076 1158 1140 habere
1177 1073 1303 1140 ²seoum

135 1199 304 1244 nnmerum
317 1179 445 1244 DCCCl.
469 1181 658 1244 Percurrunt
672 1183 725 1245 isti
743 1195 779 1264 n,
793 1195 834 1266 Ψ,
849 1195 880 1264 x,
894 1193 928 1262 ψ,
941 1193 969 1263 Υ,
983 1194 1012 1262 Τ,
1037 1185 1138 1244 totum
1151 1178 1303 1262 usquead

134 1291 163 1357 A,
177 1291 205 1358 B,
224 1287 255 1345 et
269 1289 452 1368 computent
467 1283 622 1366 ogdoadas
639 1289 671 1347 et
686 1283 830 1348 decedas.
866 1283 913 1346 lta
927 1283 1037 1346 afferre
1053 1281 1178 1347 illorum
1193 1302 1303 1346 omnes

135 1388 294 1450 vanitates
309 1393 341 1448 et
355 1389 497 1471 ineptum
513 1389 554 1450 sit
570 1393 602 1450 et
616 1389 760 1451 otiosum.
795 1385 883 1464 Quod
899 1390 1006 1450 tumen
1021 1406 1085 1450 11011
1100 1390 1225 1450 tantum
1240 1387 1303 1448 iam

135 1509 270 1570 vanum,
289 1487 346 1552 sed
361 1492 455 1552 etiam
470 1489 681 1574 periculosum
702 1493 759 1572 sit,
780 1489 913 1553 altorum
934 1487 1028 1552 deum
1043 1489 1166 1570 fingunt
1179 1492 1304 1573 praeter

136 1597 328 1672 creatorem,
353 1592 509 1656 Christum
531 1595 564 1656 in
585 1594 763 1658 substantie
781 1597 898 1674 negant
923 1593 1025 1656 carnis
1046 1591 1159 1673 fnisse,
1186 1595 1304 1672 negant

137 1696 244 1758 caruis
259 1697 518 1758 resurrectionem
534 1695 680 1759 futuram.

204 1797 335 1860 Accedit
349 1797 398 1861 his
415 1797 536 1862 Cerdon
557 1799 694 1882 quidem.
731 1799 789 1862 llic
809 1797 981 1862 introducit
998 1797 1089 1861 initia
1108 1795 1183 1878 duo,
1202 1795 1236 1860 id
1257 1801 1306 1860 est
1323 1815 1373 1868 cap.
1387 1815 1442 1854 xvi.

138 1900 219 1966 duos
235 1900 321 1980 deos,
342 1921 439 1964 uuum
459 1901 577 1966 bonum
594 1907 625 1964 et
645 1902 778 1966 alterum
800 1921 943 1982 saevum,
963 1901 1080 1966 bonum
1100 1901 1304 1984 superiorem,

138 2023 271 2068 saevum
285 2002 369 2068 huno
385 2005 494 2068 mundi
510 2009 690 2068 creatorem.
721 2005 779 2068 llic
795 2003 973 2090 prophetias
990 2009 1022 2066 et
1035 2003 1136 2086 legem
1151 2002 1305 2087 repudiat,

139 2106 200 2171 deo
216 2109 345 2170 creatori
360 2107 535 2190 renuntiat,
555 2107 725 2192 superioris
744 2106 794 2170 dci
814 2107 912 2170 lilium
928 2107 1086 2170 Christum
1099 2107 1225 2194 venisse
1239 2111 1303 2168 tra·

139 2215 222 2290 ctat,
243 2209 326 2274 hunc
341 2211 373 2272 in
395 2210 570 2274 substantia
586 2211 688 2274 cernis
704 2217 811 2292 negat,
834 2213 866 2273 iu
887 2210 1105 2294 phantasmate
1125 2209 1191 2274 solo
1206 2209 1304 2273 luisse

132 2315 333 2400 pronuntiat,
353 2331 411 2377 nec
428 2315 532 2378 omnio
548 2333 691 2399 pessum,
714 2313 769 2377 sed
786 2313 874 2397 quasi
889 2333 1032 2398 passum,
1053 2333 1111 2377 nee
1132 2333 1171 2377 ex
1185 2315 1303 2394 virgine

133 2423 261 2498 natum,
278 2413 338 2480 sed
354 2419 480 2481 omnino
500 2435 557 2480 neo
574 2422 691 2481 natum.
729 2417 1002 2482 Resurrectionem
1022 2419 1144 2480 animae
1164 2419 1302 2480 tantum-

132 2517 230 2585 modo
245 2520 366 2605 probat,
382 2522 519 2605 corporis
535 2527 637 2601 negat.
662 2519 769 2584 Solum
785 2517 979 2602 evangelium
994 2519 1107 2600 Lucae,
1123 2539 1182 2582 1111
1196 2523 1302 2582 temen

132 2627 238 2687 totum
253 2624 373 2706 recipit
409 2621 553 2707 Apostoli
567 2621 657 2686 Pauli
679 2643 781 2707 neque
801 2643 909 2688 omues
929 2641 1031 2706 neque
1051 2629 1133 2687 totas
1154 2620 1303 2706 epistulas

134 2727 242 2790 sumit.
280 2725 359 2789 Acta
374 2725 593 2810 Apostolorum
610 2731 641 2789 et
655 2726 878 2811 Apocalypsim
894 2728 982 2810 quasi
998 2724 1078 2789 falsa
1092 2727 1192 2789 reicit.

200 2828 276 2894 Post
294 2827 378 2892 hune
399 2827 570 2914 discipulus
592 2830 692 2914 ipsius
712 2831 840 2894 emersit
858 2829 997 2894 Marcion
1018 2827 1145 2912 quidam
1165 2829 1303 2910 nomine,
1321 2842 1371 2894 var·
1384 2843 1451 2884 evn-

133 2931 286 2997 Ponticus
302 2949 424 3013 genere,
441 2933 579 3017 episcopi
595 2931 688 3013 lilius,
703 2939 829 3018 propter
844 2937 987 3018 stuprum
999 2929 1162 2997 cuiusdam
1172 2932 1303 3014 virginis

133 3033 177 3100 ab
193 3033 343 3098 ecelesiae
360 3035 643 3100 communicatione
658 3035 809 3100 abiectus.
845 3035 904 3100 Hic
926 3057 964 3099 111
987 3037 1151 3100 occasione
1173 3055 1234 3119 qua
1255 3035 1302 3098 di-

133 3143 224 3203 ctum
238 3139 290 3218 sit,
306 3135 431 3200 ¹Omnis
443 3137 535 3201 arbor
547 3138 629 3203 bona
644 3139 742 3203 bonos
754 3139 874 3204 fructus
886 3125 1067 3222 iacit,'mala
1077 3143 1183 3203 autem
1194 3138 1304 3220 malos,

133 3241 293 3306 haeresim
307 3239 455 3304 Cerdonis
471 3242 644 3326 approhare
665 3248 796 3308 conatus
817 3249 880 3324 est,
900 3241 950 3308 ²et
968 3241 1077 3308 eadem
1100 3243 1203 3308 dicere
1225 3261 1303 3326 qnae

132 3342 191 3409 ille
206 3344 347 3428 superior
361 3342 537 3408 haereticus
552 3351 625 3409 ente
642 3345 771 3410 dixerat.

200 3443 311 3509 Extitit
324 3451 396 3530 post
415 3445 498 3511 hunc
513 3447 657 3514 Lucanus
678 3449 806 3533 qnidam
825 3450 968 3529 nomine,
986 3447 1153 3514 Marcionis
1168 3453 1304 3513 sectetur
1322 3468 1465 3521 10111111.

134 3553 231 3634 atque
248 3548 432 3634 discipulus,
448 3556 480 3614 et
493 3549 545 3616 hic
560 3571 616 3638 per
632 3551 741 3616 eadem
756 3550 875 3615 vsdens
891 3551 1104 3637 blasphemiae
1119 3571 1234 3636 genera
1250 3571 1301 3616 ea·

134 3651 210 3717 dem
226 3651 318 3718 docet
332 3673 411 3736 quae
426 3653 564 3718 Marcion
580 3661 612 3718 et
626 3655 749 3719 Cerdon
764 3654 942 3718 docuerant

201 3755 277 3820 Post
290 3755 348 3819 hos
363 3755 565 3840 subsequitur
578 3757 717 3843 Apelles,
731 3757 903 3842 discipulus
918 3757 1095 3840 Marcionis,
1111 3759 1164 3842 qui
1178 3763 1302 3844 postea-
1322 3778 1372 3832 cop.
1385 3778 1440 3820 1111.

136 3878 233 3944 quam
247 3859 280 3922 in
298 3877 423 3922 carnem
439 3879 529 3924 suam
543 3860 650 3946 lapsus
665 3866 728 3942 est,
749 3861 939 3926 aMarcione
955 3867 1133 3944 segregatus
1150 3867 1206 3926 ast.
1243 3861 1303 3926 Hic

135 3960 310 4026 introducit
323 3981 422 4025 unum
438 3961 532 4026 deum
553 3963 703 4027 ¹iuhuitis
723 3963 935 4048 superioribus
951 3963 1101 4049 partibus.
1139 3964 1230 4028 Hunc
1246 3985 1302 4050 po·

136 4069 270 4128 testatos
289 4064 404 4128 multus
426 4065 614 4149 angelosque
635 4067 763 4144 fecisse;
786 4065 968 4152 ²praeterea
986 4073 1018 4131 et
1036 4067 1129 4132 aliam
1145 4067 1304 4150 virtutem,

207 4248 270 4318 Cap.
283 4249 341 4302 XV.
355 4279 387 4289 ·-
412 4252 433 4303 1.
451 4253 557 4322 Apoeal.
569 4251 588 4304 1.
601 4250 625 4304 8.
640 4252 679 4306 ll.
693 4251 766 4308 XXI.
779 4251 803 4304 6.
816 4252 901 4306 XXII.
917 4251 957 4306 13.
1009 4252 1032 4306 2.
1055 4253 1135 4323 Velqo
1152 4254 1305 4322 secundum,

140 4319 206 4388 quod
217 4320 360 4370 emendarit
371 4320 421 4371 Ios.
433 4319 560 4387 Scaliper.

140 4455 156 4508 d
207 4383 685 4508 glacmeVII.-1.Mstth.vll.ll.
737 4389 760 4444 2.
778 4391 957 4460 Itcsuppleui.
987 4389 1202 4462 Volpoccn'ptum
1214 4400 1303 4445 cates-

156 4471 199 4510 tm
297 4493 303 4506 .

208 4521 270 4594 Gap.
283 4521 357 4598 XIX.
370 4555 402 4563 -
422 4525 444 4578 l.
460 4525 555 4579 infiniti
570 4526 619 4579 *Fet
637 4527 734 4581 lunam.
752 4527 779 4583 ln
796 4527 904 4582 infinitis
923 4528 1100 4586 1111100111.
1153 4529 1176 4582 2.
1195 4529 1239 4582 Ira
1258 4527 1302 4586 Fr.

143 4593 230 4644 Iunios
242 4601 266 4646 et
277 4592 328 4648 lca.
339 4591 465 4664 Scalr'pcr.
497 4595 574 4664 Vulpo
585 4600 729 4667 propterea.
