3120 4994
441 271 721 314 nusooussrssurcrs
731 269 923 314 noomrrnos.
1204 273 1265 340 337

91 430 219 511 grstia,
240 435 277 494 ut
294 428 363 494 vult
381 429 507 512 Aetius,
534 427 614 494 nihil
635 431 775 494 anterius
796 429 991 513 posteriusve
1015 428 1211 508 autminus,
1232 433 1267 492 nt

91 533 214 614 Arius,
234 532 314 596 nihil
333 539 519 596 extraneum
538 539 593 597 aut
611 531 761 596 ⁴ofliciale
776 531 883 612 elteri,
903 537 939 594 nt
951 527 1167 612 Macedonins,
1187 529 1267 594 nihil

92 635 306 720 ⁵pervssionc
322 642 376 698 ont
389 638 584 720 surreptione
598 637 761 716 insertum,
776 641 813 699 ιιι
826 631 1042 714 Manichacus,
1062 632 1142 696 nihil
1158 651 1265 718 corpo-

91 757 208 819 reum,
228 743 263 800 ut
276 737 383 803 Melite
404 744 437 802 et
455 738 684 802 Tertullianus:
705 737 785 801 nihil
807 735 1007 822 corporaliter
1025 736 1210 818 effigiatum,
1232 741 1267 800 ut

93 839 432 926 6Αιιιιιιοροιιιοιιιιιιιι
448 847 480 904 et
490 839 678 922 'Vedionun
694 839 772 904 nihil
784 840 844 904 sibi
859 839 1045 921 ⁸invisibile,
1060 844 1096 903 ut
1107 838 1266 920 Origenes,

93 942 184 1006 nihil
199 946 350 1008 creaturis
364 943 503 1026 visibile,
523 951 559 1008 nt
572 944 775 1024 Fortunetus,
795 942 874 1006 nihil
888 943 1027 1008 moribus
1042 941 1092 1006 vel
1107 941 1265 1006 voluntate

95 1045 279 1128 diversum,
301 1053 337 1110 nt
351 1045 503 1128 Marcion,
524 1046 603 1111 nihil
620 1068 658 1110 ex
674 1047 825 1110 trinitatis
847 1047 985 1132 essentie
999 1045 1039 1110 od
1054 1051 1266 1110 ereaturarum

94 1155 249 1212 naturam
264 1149 449 1230 deductum,
469 1154 505 1212 ut
523 1149 612 1214 Plsto
627 1157 660 1212 ct
670 1148 892 1230 Tertullianus,
907 1147 985 1212 nihil
997 1148 1097 1212 cilicio
1109 1147 1265 1230 singulare

96 1271 163 1313 nec
179 1250 268 1314 elteri
284 1251 557 1333 communicabile,
578 1258 613 1315 ut
629 1251 790 1336 Origenes,
810 1251 890 1316 nihil
905 1252 1084 1332 confusum,
1105 1256 1140 1314 ut
1155 1249 1265 1314 Sebel-

96 1351 182 1430 lius3
197 1353 254 1416 scd
268 1360 368 1420 totum
382 1355 572 1439 perfectum,
594 1355 666 1438 quis
686 1359 786 1420 totum
807 1375 845 1418 cx
864 1373 926 1418 nno
948 1361 980 1418 et
994 1353 1125 1418 ⁹unum:
1140 1373 1203 1418 non
1217 1361 1265 1416 ta-

96 1475 178 1518 men
193 1454 377 1538 solitcrium,
391 1463 427 1521 ut
440 1463 644 1543 praesumunt
657 1458 794 1523 Prauoos
806 1462 838 1521 ct
849 1457 1013 1541 Sylvonns,
1026 1457 1267 1543 Pentapolitana

98 1557 295 1622 damnabilis
309 1559 365 1624 illa
380 1559 530 1624 doctrina.

169 1661 370 1728 1Ηιιιιιοιιιιοι
386 1683 472 1746 ergo,
492 1663 589 1728 idest
608 1663 821 1728 coissentielis
842 1663 876 1727 in
897 1663 1061 1728 divinitoto
1075 1663 1156 1748 petri
1172 1661 1265 1744 filius,
1284 1683 1335 1735 cn.
1351 1679 1376 1724 r.

97 1761 282 1828 homousios
296 1767 379 1851 petri
395 1773 426 1829 ct
441 1765 504 1830 filio
519 1768 647 1851 'spiritns
663 1772 806 1848 sanctus,
826 1766 1003 1831 homousios
1024 1765 1081 1830 deo
1102 1771 1133 1828 et
1147 1765 1266 1830 homini

98 1865 217 1948 ²³filius,
232 1887 363 1932 monens
380 1868 456 1932 deus
472 1871 506 1933 in
520 1868 645 1933 homine
662 1889 717 1933 suo
732 1871 765 1932 in
780 1869 876 1951 gloria
891 1871 1006 1953 putris,
1026 1866 1125 1932 ³unus
1141 1867 1264 1932 desido-

101 1969 214 2033 robilis
235 1969 334 2034 videri
354 1970 394 2034 ab
414 1971 549 2053 engolis,
570 1973 652 2034 sicut
673 1977 763 2055 petor
783 1976 815 2034 et
829 1971 958 2056 spiritns
980 1977 1106 2036 semotus
1121 1970 1265 2036 adoretur

100 2073 143 2136 ab
160 2072 280 2155 angelis
296 2073 378 2137 stab
390 2076 475 2138 omni
488 2081 639 2155 creatura,
654 2093 716 2137 non
727 2073 835 2138 ⁴homo
846 2079 970 2158 praeter
982 2073 1085 2156 doum,
1100 2073 1264 2138 ⁵velChri-

82 2191 84 2196 ·
101 2181 173 2238 stus
189 2193 260 2239 cnm
275 2174 343 2258 deo,
359 2177 440 2240 siout
454 2175 651 2262 blasphemet
661 2175 833 2259 Nestorius,
848 2176 904 2242 sed
914 2165 1005 2242 homo
1016 2176 1051 2241 in
1063 2176 1130 2260 deo,
1146 2177 1265 2242 otricus

100 2277 134 2340 in
152 2277 288 2342 homine.

168 2379 235 2444 Erit
249 2385 432 2446 resurrectio
448 2388 638 2448 mortuorum
653 2381 793 2446 omnium
806 2380 977 2464 hominnm,
993 2382 1049 2447 sed
1063 2403 1127 2447 une
1142 2388 1174 2446 ct
1187 2385 1265 2448 insi·
1283 2404 1333 2456 cop.
1346 2403 1384 2446 vr.

101 2482 170 2546 mul
187 2489 219 2547 et
233 2484 340 2566 semel,
355 2505 416 2550 non
431 2485 533 2570 prima
546 2488 710 2566 iustorum,
725 2491 756 2547 et
771 2485 909 2550 secundo
922 2493 1136 2571 peccatorum,
1152 2487 1204 2549 1ut
1218 2487 1264 2550 ls-

102 2585 180 2649 buls
194 2592 243 2650 est
257 2587 490 2670 somniatorum,
505 2587 561 2652 sod
575 2607 639 2652 uno
654 2587 801 2653 omnium.
832 2587 913 2652 Etsi
928 2589 961 2653 id
976 2609 1135 2672 resurgere
1152 2587 1265 2652 dicitur

102 2688 189 2772 qnod
206 2688 303 2770 cudit,
324 2711 394 2754 coro
414 2710 486 2773 ergo
501 2697 608 2756 nestro
622 2689 657 2754 in
671 2691 802 2754 veritate
817 2693 968 2774 resurgit,
989 2693 1072 2755 sicut
1084 2693 1118 2754 in
1132 2694 1263 2758 veritate

102 2791 204 2855 cedit:
220 2797 252 2854 ct
264 2812 328 2857 non
343 2793 517 2858 secundum
532 2792 697 2875 Origenem
711 2793 886 2858 immutatio
902 2813 1064 2878 corporum
1079 2793 1154 2876 erit,
1168 2793 1201 2858 id
1217 2799 1266 2858 est

101 2893 191 2957 uliud
206 2913 320 2958 novum
336 2915 446 2980 corpus
460 2915 516 2980 pro
532 2915 640 2976 corne,
661 2894 717 2958 sed
737 2895 846 2960 cadem
865 2917 935 2961 caro
956 2895 1165 2982 corruptibilis
1185 2915 1264 2980 quac

102 2995 200 3078 cadit,
215 3003 279 3060 tem
289 2999 441 3062 iustorum
453 3017 544 3082 quem
557 3000 753 3080 iniustorum,
764 2999 1010 3084 incorruptibilis
1021 3005 1172 3082 resurget,
1185 3019 1263 3082 quse

101 3099 155 3163 vel
169 3119 302 3184 poenum
318 3101 445 3164 sufferre
461 3100 560 3186 possit
573 3120 629 3186 pro
644 3099 799 3186 peccatis,
817 3101 868 3166 vcl
889 3102 922 3165 in
943 3101 1040 3185 glorie
1053 3108 1181 3166 aeterne
1195 3123 1263 3166 mo·

102 3221 179 3266 nore
194 3223 250 3288 pro
265 3205 394 3268 meritis.

169 3305 334 3370 ¹0mninm
345 3305 780 3372 hominumeritrcsnrreotio:
796 3305 1263 3391 2ειοιιιιιιιιιιιειιιι,οιιςοοιιιιιειι
1281 3327 1331 3380 οφ.
1344 3327 1391 3368 vn.

101 3410 288 3492 moriuntur,
303 3415 339 3472 ιιι
351 3429 435 3474 mors
450 3408 490 3474 ab
506 3408 608 3474 Adam
624 3410 717 3474 ducta
732 3411 875 3474 omnibus
895 3410 969 3475 filiis
991 3412 1057 3473 cius
1078 3411 1263 3493 dominetur,

103 3518 136 3576 et
151 3519 280 3578 monost
294 3511 372 3578 illud
386 3513 583 3598 privilegium
596 3513 631 3576 in
647 3513 770 3578 domino
786 3512 868 3596 quod
884 3511 921 3576 de
941 3531 977 3576 eo
992 3512 1169 3598 specialiter
1184 3513 1262 3578 dici-

101 3623 169 3680 tur:
184 3614 279 3682 3Νοιι
299 3615 390 3680 dnbio
403 3627 546 3681 sunctum
565 3627 654 3682 tuom
669 3617 776 3680 oidcrc
795 3617 1034 3701 corruptionem.
1071 3615 1163 3680 *llius
1179 3612 1264 3681 enim

102 3800 168 3855 nihss
179 3801 316 3872 inaequuls
328 3803 434 3872 gratiae.
447 3803 522 3856 Haec
533 3803 611 3856 certo
620 3803 699 3872 plone
710 3803 809 3854 indunt
819 3803 874 3854 cod.
883 3798 995 3854 Florent.
1007 3802 1042 3856 D.
1053 3801 1148 3854 Murci.
1182 3803 1207 3855 4.
1216 3801 1264 3855 dila

102 3871 172 3923 ficile
185 3871 240 3924 cod.
252 3869 366 3926 Floreat.
429 3869 454 3926 5.
469 3872 513 3924 Ira
525 3875 584 3924 edit.
597 3871 700 3934 Bened,
713 3880 738 3923 et
748 3873 803 3925 cod,
815 3870 887 3925 Flor.
904 3871 990 3922 Antea
1002 3871 1075 3938 rurlpo
1086 3871 1263 3940 persuasione.

103 3939 126 3992 6.
143 3937 221 3990 Forte
231 3937 518 4010 Anthropomorphitae.
531 3939 646 4008 (Bened.)
709 3939 732 3994 7.
744 3939 877 3993 Audisnus
893 3941 945 3990 cult
962 3939 1087 3990 Dunecur
1103 3941 1140 3992 ud
1155 3939 1262 4007 noyon.

19 4035 20 4048 ι
103 4007 266 4060 DeHucreo.
280 4026 338 4077 cup.
352 4010 375 4063 1.
393 4007 534 4062 Nedicinns
547 4011 601 4062 cod.
615 4009 727 4062 Florem.
779 4007 803 4061 8.
815 4005 1262 4078 invisibilescreutnris‚nt01igs-
1297 4021 1300 4029 '

101 4091 150 4212 ,ogs
162 4075 257 4212 ιιὲιῑηι
266 4078 335 4140 editi,
348 4087 373 4128 cr
383 4077 497 4129 Elmcnt.
560 4077 584 4132 9.
597 4076 751 4130 Portunum
763 4079 826 4130 edr'n'
841 4079 878 4140 (cr
887 4075 1015 4141 Elmrnt.)
1033 4077 1133 4128 addent
1148 4093 1182 4128 ex
1198 4081 1261 4130 toto.

137 4159 186 4196 sne
206 4185 212 4197 .

172 4211 234 4282 Gap.
248 4212 277 4266 V.
290 4243 323 4252 -
337 4213 359 4267 1,
373 4211 521 4283 ‘Opccturor
534 4211 598 4268 edit,
606 4213 731 4278 nonne„
743 4223 771 4266 ot
782 4223 806 4265 st
816 4217 843 4264 ir
854 4230 919 4282 seqq.
965 4213 989 4266 2.
1002 4229 1070 4266 unus
1081 4213 1151 4267 filius
1164 4217 1203 4268 cd.
1216 4213 1262 4266 El-

101 4281 183 4336 mcnh.
235 4280 395 4336 3.unusom.
408 4285 466 4334 edit.
479 4281 594 4337 Ermenl.
647 4281 671 4335 4.
682 4281 761 4336 hemo
773 4281 856 4336 fectus
867 4287 970 4352 praeter
987 4285 1062 4347 editi,
1079 4301 1135 4334 cum
1146 4281 1260 4338 Elnml.

101 4351 126 4406 5.
140 4349 188 4403 sed
200 4351 255 4402 cod.
269 4349 380 4405 Florem.

172 4417 236 4488 (inp.
248 4417 291 4473 VI.
304 4449 337 4459 -
352 4421 373 4472 l.
385 4419 457 4473 MSS.
468 4425 499 4502 Ιιιι
510 4419 600 4474 fabule
611 4421 764 4502 somniatur.
774 4417 903 4540 §Bocchi
1208 4490 1214 4502 .

173 4486 236 4557 Gap.
249 4485 304 4542 VII.
316 4517 349 4528 -
363 4489 384 4540 l.
398 4488 520 4542 Ommnm
532 4490 602 4543 enim
612 4488 747 4542 hommum
760 4505 772 4541 e
792 4529 798 4542 .
812 4485 926 4541 Elmenlr.
961 4489 985 4545 2.
997 4487 1052 4542 lmo
1065 4489 1133 4560 quod
1145 4505 1260 4542 ommuni

102 4559 152 4610 orit
164 4559 220 4610 cod.
234 4554 346 4609 Florem.
397 4557 422 4612 3.
434 4557 528 4612 Psalm.
540 4557 598 4622 XV,
613 4557 650 4610 10.
701 4558 727 4612 4.
747 4555 831 4610 Verte
841 4555 904 4612 Eius
916 4559 985 4613 enim
997 4573 1056 4612 curo
1068 4575 1119 4614 nou
1131 4557 1195 4614 vidit
1205 4573 1259 4612 ocr-

1027 4641 1059 4696 22
