<?xml version="1.0" encoding="UTF-8"?>
<!DOCTYPE html PUBLIC "-//W3C//DTD XHTML 1.0 Transitional//EN"
    "http://www.w3.org/TR/xhtml1/DTD/xhtml1-transitional.dtd">
<html xmlns="http://www.w3.org/1999/xhtml" xml:lang="en" lang="en">
 <head>
  <title>
</title>
<meta http-equiv="Content-Type" content="text/html;charset=utf-8" />
  <meta name='ocr-system' content='tesseract 3.04.00' />
  <meta name='ocr-capabilities' content='ocr_page ocr_carea ocr_par ocr_line ocrx_word'/>
</head>
<body>
  <div class='ocr_page' id='page_1' title='image "./corporishaerese04oehlgoog_0283.png"; bbox 0 0 3120 4994; ppageno 0'>
   <div class='ocr_carea' id='block_1_1' title="bbox 301 244 995 310">
    <p class='ocr_par' dir='ltr' id='par_1_1' title="bbox 301 244 995 310">
     <span class='ocr_line' id='line_1_1' title="bbox 301 244 995 310; baseline -0.003 -22"><span class='ocrx_word' id='word_1_1' title='bbox 301 245 364 310; x_wconf 71' lang='lat'><strong>250</strong></span> <span class='ocrx_word' id='word_1_2' title='bbox 767 244 995 289; x_wconf 71' lang='lat' dir='ltr'><strong>mmmmm</strong></span> 
     </span>
    </p>
   </div>
   <div class='ocr_carea' id='block_1_2' title="bbox 116 397 1534 3570">
    <p class='ocr_par' dir='ltr' id='par_1_2' title="bbox 296 397 1534 1186">
     <span class='ocr_line' id='line_1_2' title="bbox 300 397 1468 468; baseline 0.002 -4"><span class='ocrx_word' id='word_1_3' title='bbox 300 401 379 464; x_wconf 89' lang='lat' dir='ltr'><strong>torio</strong></span> <span class='ocrx_word' id='word_1_4' title='bbox 403 399 583 466; x_wconf 72' lang='lat' dir='ltr'><strong>inchoatam</strong></span> <span class='ocrx_word' id='word_1_5' title='bbox 607 397 778 466; x_wconf 86' lang='lat' dir='ltr'><strong>¹Philastro</strong></span> <span class='ocrx_word' id='word_1_6' title='bbox 805 401 963 468; x_wconf 84' lang='lat' dir='ltr'><strong>scribente</strong></span> <span class='ocrx_word' id='word_1_7' title='bbox 986 403 1173 468; x_wconf 80' lang='lat' dir='ltr'><strong>invenimus.</strong></span> <span class='ocrx_word' id='word_1_8' title='bbox 1209 403 1252 468; x_wconf 89' lang='grc' dir='ltr'><strong>Ηι</strong></span> <span class='ocrx_word' id='word_1_9' title='bbox 1275 401 1317 468; x_wconf 86' lang='lat' dir='ltr'><strong>ad</strong></span> <span class='ocrx_word' id='word_1_10' title='bbox 1340 407 1468 468; x_wconf 77' lang='lat' dir='ltr'><strong>tantm</strong></span> 
     </span>
     <span class='ocr_line' id='line_1_3' title="bbox 299 501 1468 591; baseline 0.003 -25"><span class='ocrx_word' id='word_1_11' title='bbox 299 505 471 568; x_wconf 86' lang='lat' dir='ltr'><strong>vanitatem</strong></span> <span class='ocrx_word' id='word_1_12' title='bbox 491 501 629 569; x_wconf 90' lang='lat' dir='ltr'><strong>devoluti</strong></span> <span class='ocrx_word' id='word_1_13' title='bbox 650 509 740 586; x_wconf 88' lang='lat' dir='ltr'><strong>sunt,</strong></span> <span class='ocrx_word' id='word_1_14' title='bbox 764 511 801 569; x_wconf 92' lang='lat' dir='ltr'><strong>ut</strong></span> <span class='ocrx_word' id='word_1_15' title='bbox 822 505 930 570; x_wconf 88' lang='lat' dir='ltr'><strong>dicant</strong></span> <span class='ocrx_word' id='word_1_16' title='bbox 950 525 1059 572; x_wconf 91' lang='lat' dir='ltr'><strong>omnes</strong></span> <span class='ocrx_word' id='word_1_17' title='bbox 1079 505 1252 572; x_wconf 86' lang='lat' dir='ltr'><strong>haereticos</strong></span> <span class='ocrx_word' id='word_1_18' title='bbox 1272 511 1358 570; x_wconf 88' lang='lat' dir='ltr'><strong>recte</strong></span> <span class='ocrx_word' id='word_1_19' title='bbox 1383 505 1468 591; x_wconf 87' lang='lat' dir='ltr'><strong>apud</strong></span> 
     </span>
     <span class='ocr_line' id='line_1_4' title="bbox 299 605 1534 700; baseline -0.001 -28"><span class='ocrx_word' id='word_1_20' title='bbox 299 605 394 672; x_wconf 89' lang='lat' dir='ltr'><strong>deum</strong></span> <span class='ocrx_word' id='word_1_21' title='bbox 408 605 564 689; x_wconf 78' lang='lat' dir='ltr'><strong>incedere,</strong></span> <span class='ocrx_word' id='word_1_22' title='bbox 581 607 726 692; x_wconf 91' lang='lat' dir='ltr'><strong>quiahoc</strong></span> <span class='ocrx_word' id='word_1_23' title='bbox 741 609 775 674; x_wconf 90' lang='lat' dir='ltr'><strong>in</strong></span> <span class='ocrx_word' id='word_1_24' title='bbox 791 628 899 674; x_wconf 89' lang='lat' dir='ltr'><strong>eorum</strong></span> <span class='ocrx_word' id='word_1_25' title='bbox 914 609 1073 674; x_wconf 89' lang='lat' dir='ltr'><strong>mentibus</strong></span> <span class='ocrx_word' id='word_1_26' title='bbox 1089 608 1273 676; x_wconf 83' lang='lat' dir='ltr'><strong>detumeat:</strong></span> <span class='ocrx_word' id='word_1_27' title='bbox 1294 611 1339 674; x_wconf 90' lang='lat' dir='ltr'><strong>sio</strong></span> <span class='ocrx_word' id='word_1_28' title='bbox 1357 609 1469 673; x_wconf 88' lang='lat' dir='ltr'><strong>colunt</strong></span> <span class='ocrx_word' id='word_1_29' title='bbox 1533 640 1534 700; x_wconf 57' lang='lat' dir='ltr'><strong>p</strong></span> 
     </span>
     <span class='ocr_line' id='line_1_5' title="bbox 299 708 1467 797; baseline 0.002 -23"><span class='ocrx_word' id='word_1_30' title='bbox 299 708 393 774; x_wconf 90' lang='lat' dir='ltr'><strong>deum</strong></span> <span class='ocrx_word' id='word_1_31' title='bbox 412 711 494 774; x_wconf 91' lang='lat' dir='ltr'><strong>sicut</strong></span> <span class='ocrx_word' id='word_1_32' title='bbox 513 716 655 795; x_wconf 90' lang='lat' dir='ltr'><strong>possunt.</strong></span> <span class='ocrx_word' id='word_1_33' title='bbox 691 710 783 776; x_wconf 87' lang='lat' dir='ltr'><strong>Error</strong></span> <span class='ocrx_word' id='word_1_34' title='bbox 803 727 912 778; x_wconf 90' lang='lat' dir='ltr'><strong>eorum</strong></span> <span class='ocrx_word' id='word_1_35' title='bbox 931 712 1023 778; x_wconf 92' lang='lat' dir='ltr'><strong>nobis</strong></span> <span class='ocrx_word' id='word_1_36' title='bbox 1045 711 1170 776; x_wconf 88' lang='lat' dir='ltr'><strong>videtur</strong></span> <span class='ocrx_word' id='word_1_37' title='bbox 1188 711 1467 797; x_wconf 88' lang='lat' dir='ltr'><strong>reprehensibilis;</strong></span> 
     </span>
     <span class='ocr_line' id='line_1_6' title="bbox 297 811 1468 900; baseline -0.002 -22"><span class='ocrx_word' id='word_1_38' title='bbox 297 813 382 899; x_wconf 84' lang='lat' dir='ltr'><strong>apud</strong></span> <span class='ocrx_word' id='word_1_39' title='bbox 400 811 494 878; x_wconf 89' lang='lat' dir='ltr'><strong>deum</strong></span> <span class='ocrx_word' id='word_1_40' title='bbox 514 819 619 878; x_wconf 89' lang='lat' dir='ltr'><strong>antem</strong></span> <span class='ocrx_word' id='word_1_41' title='bbox 638 833 697 878; x_wconf 90' lang='lat' dir='ltr'><strong>nee</strong></span> <span class='ocrx_word' id='word_1_42' title='bbox 712 833 798 878; x_wconf 88' lang='lat' dir='ltr'><strong>error</strong></span> <span class='ocrx_word' id='word_1_43' title='bbox 812 820 861 878; x_wconf 91' lang='lat' dir='ltr'><strong>ost</strong></span> <span class='ocrx_word' id='word_1_44' title='bbox 875 835 934 879; x_wconf 91' lang='lat' dir='ltr'><strong>nec</strong></span> <span class='ocrx_word' id='word_1_45' title='bbox 949 817 1147 900; x_wconf 87' lang='lat' dir='ltr'><strong>vituperatio.</strong></span> <span class='ocrx_word' id='word_1_46' title='bbox 1182 815 1224 880; x_wconf 89' lang='lat' dir='ltr'><strong>Hi</strong></span> <span class='ocrx_word' id='word_1_47' title='bbox 1238 814 1295 880; x_wconf 93' lang='lat' dir='ltr'><strong>hoc</strong></span> <span class='ocrx_word' id='word_1_48' title='bbox 1311 813 1468 879; x_wconf 86' lang='lat' dir='ltr'><strong>docentur</strong></span> 
     </span>
     <span class='ocr_line' id='line_1_7' title="bbox 297 915 1466 1003; baseline 0.001 -24"><span class='ocrx_word' id='word_1_49' title='bbox 297 937 317 979; x_wconf 86' lang='lat' dir='ltr'><strong>a</strong></span> <span class='ocrx_word' id='word_1_50' title='bbox 331 917 396 980; x_wconf 90' lang='lat' dir='ltr'><strong>suis</strong></span> <span class='ocrx_word' id='word_1_51' title='bbox 413 915 604 998; x_wconf 89' lang='lat' dir='ltr'><strong>doctoribus,</strong></span> <span class='ocrx_word' id='word_1_52' title='bbox 624 921 659 980; x_wconf 92' lang='lat' dir='ltr'><strong>ut</strong></span> <span class='ocrx_word' id='word_1_53' title='bbox 678 922 802 1002; x_wconf 89' lang='lat' dir='ltr'><strong>praeter</strong></span> <span class='ocrx_word' id='word_1_54' title='bbox 817 917 936 1003; x_wconf 90' lang='lat' dir='ltr'><strong>templa</strong></span> <span class='ocrx_word' id='word_1_55' title='bbox 951 923 983 982; x_wconf 87' lang='lat' dir='ltr'><strong>et</strong></span> <span class='ocrx_word' id='word_1_56' title='bbox 997 939 1180 1002; x_wconf 80' lang='lat' dir='ltr'><strong>synagogas,</strong></span> <span class='ocrx_word' id='word_1_57' title='bbox 1199 917 1393 1002; x_wconf 90' lang='lat' dir='ltr'><strong>ubicumque</strong></span> <span class='ocrx_word' id='word_1_58' title='bbox 1417 921 1466 980; x_wconf 92' lang='lat' dir='ltr'><strong>in·</strong></span> 
     </span>
     <span class='ocr_line' id='line_1_8' title="bbox 296 1018 1467 1106; baseline -0.002 -22"><span class='ocrx_word' id='word_1_59' title='bbox 296 1025 426 1084; x_wconf 82' lang='lat' dir='ltr'><strong>vocatur</strong></span> <span class='ocrx_word' id='word_1_60' title='bbox 440 1018 582 1086; x_wconf 84' lang='lat' dir='ltr'><strong>Christus</strong></span> <span class='ocrx_word' id='word_1_61' title='bbox 597 1023 690 1084; x_wconf 87' lang='lat' dir='ltr'><strong>natus</strong></span> <span class='ocrx_word' id='word_1_62' title='bbox 705 1040 744 1084; x_wconf 82' lang='lat' dir='ltr'><strong>ex</strong></span> <span class='ocrx_word' id='word_1_63' title='bbox 757 1021 889 1102; x_wconf 77' lang='lat' dir='ltr'><strong>uirgine,</strong></span> <span class='ocrx_word' id='word_1_64' title='bbox 903 1021 1062 1086; x_wconf 88' lang='lat' dir='ltr'><strong>introeant</strong></span> <span class='ocrx_word' id='word_1_65' title='bbox 1076 1027 1108 1086; x_wconf 87' lang='lat' dir='ltr'><strong>et</strong></span> <span class='ocrx_word' id='word_1_66' title='bbox 1117 1021 1287 1106; x_wconf 74' lang='lat' dir='ltr'><strong>participes</strong></span> <span class='ocrx_word' id='word_1_67' title='bbox 1298 1041 1332 1086; x_wconf 90' lang='lat' dir='ltr'><strong>se</strong></span> <span class='ocrx_word' id='word_1_68' title='bbox 1342 1021 1467 1086; x_wconf 81' lang='lat' dir='ltr'><strong>faciant</strong></span> 
     </span>
     <span class='ocr_line' id='line_1_9' title="bbox 296 1121 532 1186; baseline -0.008 0"><span class='ocrx_word' id='word_1_69' title='bbox 296 1121 532 1186; x_wconf 86' lang='lat' dir='ltr'><strong>haereticorum.</strong></span> 
     </span>
    </p>

    <p class='ocr_par' dir='ltr' id='par_1_3' title="bbox 118 1224 1466 2749">
     <span class='ocr_line' id='line_1_10' title="bbox 118 1224 1466 1312; baseline 0.001 -25"><span class='ocrx_word' id='word_1_70' title='bbox 118 1245 278 1298; x_wconf 68' lang='lat' dir='ltr'><strong>crauxxur.</strong></span> <span class='ocrx_word' id='word_1_71' title='bbox 360 1224 597 1311; x_wconf 76' lang='lat' dir='ltr'><strong>septuagesima</strong></span> <span class='ocrx_word' id='word_1_72' title='bbox 611 1231 644 1288; x_wconf 90' lang='lat' dir='ltr'><strong>et</strong></span> <span class='ocrx_word' id='word_1_73' title='bbox 657 1227 751 1290; x_wconf 89' lang='lat' dir='ltr'><strong>tertia</strong></span> <span class='ocrx_word' id='word_1_74' title='bbox 764 1225 904 1290; x_wconf 90' lang='lat' dir='ltr'><strong>haeresis</strong></span> <span class='ocrx_word' id='word_1_75' title='bbox 919 1231 969 1290; x_wconf 89' lang='lat' dir='ltr'><strong>est</strong></span> <span class='ocrx_word' id='word_1_76' title='bbox 983 1225 1258 1312; x_wconf 75' lang='lat' dir='ltr'><strong>Theoponitarnm.</strong></span> <span class='ocrx_word' id='word_1_77' title='bbox 1293 1227 1334 1292; x_wconf 92' lang='grc' dir='ltr'><strong>Ηι</strong></span> <span class='ocrx_word' id='word_1_78' title='bbox 1349 1226 1466 1292; x_wconf 90' lang='lat' dir='ltr'><strong>dieunt</strong></span> 
     </span>
     <span class='ocr_line' id='line_1_11' title="bbox 295 1327 1466 1415; baseline -0.002 -23"><span class='ocrx_word' id='word_1_79' title='bbox 295 1329 329 1392; x_wconf 89' lang='lat' dir='ltr'><strong>iu</strong></span> <span class='ocrx_word' id='word_1_80' title='bbox 350 1327 488 1408; x_wconf 89' lang='lat' dir='ltr'><strong>Christo,</strong></span> <span class='ocrx_word' id='word_1_81' title='bbox 509 1327 584 1391; x_wconf 91' lang='lat' dir='ltr'><strong>dum</strong></span> <span class='ocrx_word' id='word_1_82' title='bbox 603 1333 777 1412; x_wconf 85' lang='lat' dir='ltr'><strong>pateretur,</strong></span> <span class='ocrx_word' id='word_1_83' title='bbox 803 1328 1002 1393; x_wconf 85' lang='lat' dir='ltr'><strong>divinitatem</strong></span> <span class='ocrx_word' id='word_1_84' title='bbox 1026 1332 1072 1394; x_wconf 89' lang='lat' dir='ltr'><strong>sio</strong></span> <span class='ocrx_word' id='word_1_85' title='bbox 1094 1329 1230 1394; x_wconf 79' lang='lat' dir='ltr'><strong>doluisse</strong></span> <span class='ocrx_word' id='word_1_86' title='bbox 1255 1331 1335 1394; x_wconf 89' lang='lat' dir='ltr'><strong>siout</strong></span> <span class='ocrx_word' id='word_1_87' title='bbox 1355 1333 1466 1415; x_wconf 87' lang='lat' dir='ltr'><strong>potest</strong></span> 
     </span>
     <span class='ocr_line' id='line_1_12' title="bbox 296 1430 1462 1524; baseline 0 -28"><span class='ocrx_word' id='word_1_88' title='bbox 296 1430 401 1496; x_wconf 89' lang='lat' dir='ltr'><strong>dolere</strong></span> <span class='ocrx_word' id='word_1_89' title='bbox 417 1433 524 1496; x_wconf 89' lang='lat' dir='ltr'><strong>anima</strong></span> <span class='ocrx_word' id='word_1_90' title='bbox 538 1430 613 1494; x_wconf 91' lang='lat' dir='ltr'><strong>dum</strong></span> <span class='ocrx_word' id='word_1_91' title='bbox 628 1451 739 1516; x_wconf 87' lang='lat' dir='ltr'><strong>eorpus</strong></span> <span class='ocrx_word' id='word_1_92' title='bbox 755 1431 918 1524; x_wconf 81' lang='lat' dir='ltr'><strong>suppliciis</strong></span> <span class='ocrx_word' id='word_1_93' title='bbox 933 1433 1044 1514; x_wconf 82' lang='lat' dir='ltr'><strong>agitur.</strong></span> <span class='ocrx_word' id='word_1_94' title='bbox 1081 1431 1127 1496; x_wconf 91' lang='lat' dir='ltr'><strong>De</strong></span> <span class='ocrx_word' id='word_1_95' title='bbox 1143 1431 1256 1516; x_wconf 89' lang='lat' dir='ltr'><strong>quibus</strong></span> <span class='ocrx_word' id='word_1_96' title='bbox 1277 1435 1322 1496; x_wconf 93' lang='grc' dir='ltr'><strong>ιιι</strong></span> <span class='ocrx_word' id='word_1_97' title='bbox 1342 1432 1462 1513; x_wconf 82' lang='lat' dir='ltr'><strong>Grego-</strong></span> 
     </span>
     <span class='ocr_line' id='line_1_13' title="bbox 295 1532 1461 1620; baseline -0.002 -22"><span class='ocrx_word' id='word_1_98' title='bbox 295 1536 360 1599; x_wconf 89' lang='lat' dir='ltr'><strong>rius</strong></span> <span class='ocrx_word' id='word_1_99' title='bbox 377 1537 557 1620; x_wconf 85' lang='lat' dir='ltr'><strong>episcopus:</strong></span> <span class='ocrx_word' id='word_1_100' title='bbox 573 1532 718 1598; x_wconf 78' lang='lat' dir='ltr'><strong>Infelices</strong></span> <span class='ocrx_word' id='word_1_101' title='bbox 734 1541 766 1597; x_wconf 89' lang='lat' dir='ltr'><strong>et</strong></span> <span class='ocrx_word' id='word_1_102' title='bbox 777 1537 885 1600; x_wconf 87' lang='lat' dir='ltr'><strong>miseri</strong></span> <span class='ocrx_word' id='word_1_103' title='bbox 896 1555 960 1599; x_wconf 91' lang='lat' dir='ltr'><strong>non</strong></span> <span class='ocrx_word' id='word_1_104' title='bbox 975 1534 1085 1598; x_wconf 83' lang='lat' dir='ltr'><strong>vident</strong></span> <span class='ocrx_word' id='word_1_105' title='bbox 1099 1537 1131 1602; x_wconf 90' lang='lat' dir='ltr'><strong>in</strong></span> <span class='ocrx_word' id='word_1_106' title='bbox 1143 1533 1318 1617; x_wconf 78' lang='lat' dir='ltr'><strong>arboribus,</strong></span> <span class='ocrx_word' id='word_1_107' title='bbox 1332 1533 1461 1619; x_wconf 87' lang='lat' dir='ltr'><strong>quando</strong></span> 
     </span>
     <span class='ocr_line' id='line_1_14' title="bbox 295 1635 1461 1722; baseline -0.002 -20"><span class='ocrx_word' id='word_1_108' title='bbox 295 1638 376 1702; x_wconf 89' lang='lat' dir='ltr'><strong>ferro</strong></span> <span class='ocrx_word' id='word_1_109' title='bbox 389 1635 572 1718; x_wconf 90' lang='lat' dir='ltr'><strong>caeduntur,</strong></span> <span class='ocrx_word' id='word_1_110' title='bbox 585 1635 684 1701; x_wconf 91' lang='lat' dir='ltr'><strong>solem</strong></span> <span class='ocrx_word' id='word_1_111' title='bbox 695 1639 823 1720; x_wconf 87' lang='lat' dir='ltr'><strong>quidem</strong></span> <span class='ocrx_word' id='word_1_112' title='bbox 834 1658 902 1701; x_wconf 91' lang='lat' dir='ltr'><strong>esse</strong></span> <span class='ocrx_word' id='word_1_113' title='bbox 915 1639 948 1702; x_wconf 87' lang='grc' dir='ltr'><strong>ιι</strong></span> <span class='ocrx_word' id='word_1_114' title='bbox 959 1637 1137 1702; x_wconf 83' lang='lat' dir='ltr'><strong>arboribus:</strong></span> <span class='ocrx_word' id='word_1_115' title='bbox 1149 1637 1302 1722; x_wconf 91' lang='lat' dir='ltr'><strong>numquid</strong></span> <span class='ocrx_word' id='word_1_116' title='bbox 1314 1637 1461 1702; x_wconf 91' lang='lat' dir='ltr'><strong>¹omnino</strong></span> 
     </span>
     <span class='ocr_line' id='line_1_15' title="bbox 295 1739 1461 1825; baseline 0 -21"><span class='ocrx_word' id='word_1_117' title='bbox 295 1739 381 1806; x_wconf 87' lang='lat' dir='ltr'><strong>dolet</strong></span> <span class='ocrx_word' id='word_1_118' title='bbox 394 1739 470 1806; x_wconf 90' lang='lat' dir='ltr'><strong>solis</strong></span> <span class='ocrx_word' id='word_1_119' title='bbox 485 1739 644 1824; x_wconf 84' lang='lat' dir='ltr'><strong>splendor,</strong></span> <span class='ocrx_word' id='word_1_120' title='bbox 659 1759 753 1822; x_wconf 87' lang='lat' dir='ltr'><strong>quem</strong></span> <span class='ocrx_word' id='word_1_121' title='bbox 774 1742 893 1823; x_wconf 86' lang='lat' dir='ltr'><strong>utique,</strong></span> <span class='ocrx_word' id='word_1_122' title='bbox 913 1746 1080 1824; x_wconf 88' lang='lat' dir='ltr'><strong>antequam</strong></span> <span class='ocrx_word' id='word_1_123' title='bbox 1095 1740 1136 1804; x_wconf 90' lang='lat' dir='ltr'><strong>ad</strong></span> <span class='ocrx_word' id='word_1_124' title='bbox 1150 1739 1270 1822; x_wconf 86' lang='lat' dir='ltr'><strong>lignum</strong></span> <span class='ocrx_word' id='word_1_125' title='bbox 1284 1743 1461 1825; x_wconf 83' lang='lat' dir='ltr'><strong>perveniat,</strong></span> 
     </span>
     <span class='ocr_line' id='line_1_16' title="bbox 294 1839 1461 1929; baseline 0 -23"><span class='ocrx_word' id='word_1_126' title='bbox 294 1846 430 1929; x_wconf 88' lang='lat' dir='ltr'><strong>priorem</strong></span> <span class='ocrx_word' id='word_1_127' title='bbox 444 1845 526 1906; x_wconf 83' lang='lat' dir='ltr'><strong>ictas</strong></span> <span class='ocrx_word' id='word_1_128' title='bbox 541 1842 615 1906; x_wconf 87' lang='lat' dir='ltr'><strong>ferri</strong></span> <span class='ocrx_word' id='word_1_129' title='bbox 630 1839 802 1925; x_wconf 82' lang='lat' dir='ltr'><strong>contingit?</strong></span> <span class='ocrx_word' id='word_1_130' title='bbox 824 1842 910 1908; x_wconf 89' lang='lat' dir='ltr'><strong>Deus</strong></span> <span class='ocrx_word' id='word_1_131' title='bbox 925 1863 997 1925; x_wconf 87' lang='lat' dir='ltr'><strong>ergo</strong></span> <span class='ocrx_word' id='word_1_132' title='bbox 1011 1841 1066 1906; x_wconf 83' lang='lat' dir='ltr'><strong>lux</strong></span> <span class='ocrx_word' id='word_1_133' title='bbox 1080 1847 1139 1924; x_wconf 88' lang='lat' dir='ltr'><strong>est,</strong></span> <span class='ocrx_word' id='word_1_134' title='bbox 1154 1847 1187 1906; x_wconf 90' lang='lat' dir='ltr'><strong>et</strong></span> <span class='ocrx_word' id='word_1_135' title='bbox 1200 1843 1353 1926; x_wconf 90' lang='lat' dir='ltr'><strong>quomodo</strong></span> <span class='ocrx_word' id='word_1_136' title='bbox 1370 1841 1461 1908; x_wconf 85' lang='lat' dir='ltr'><strong>caedi</strong></span> 
     </span>
     <span class='ocr_line' id='line_1_17' title="bbox 294 1942 1458 2032; baseline -0.002 -20"><span class='ocrx_word' id='word_1_137' title='bbox 294 1951 399 2032; x_wconf 87' lang='lat' dir='ltr'><strong>potest</strong></span> <span class='ocrx_word' id='word_1_138' title='bbox 412 1942 488 2010; x_wconf 87' lang='lat' dir='ltr'><strong>lux?</strong></span> <span class='ocrx_word' id='word_1_139' title='bbox 520 1944 601 2010; x_wconf 88' lang='lat' dir='ltr'><strong>Nam</strong></span> <span class='ocrx_word' id='word_1_140' title='bbox 617 1943 700 2027; x_wconf 91' lang='lat' dir='ltr'><strong>quod</strong></span> <span class='ocrx_word' id='word_1_141' title='bbox 715 1946 821 2009; x_wconf 88' lang='lat' dir='ltr'><strong>anima</strong></span> <span class='ocrx_word' id='word_1_142' title='bbox 835 1947 877 2009; x_wconf 89' lang='lat' dir='ltr'><strong>sit</strong></span> <span class='ocrx_word' id='word_1_143' title='bbox 891 1965 970 2028; x_wconf 90' lang='lat' dir='ltr'><strong>qnae</strong></span> <span class='ocrx_word' id='word_1_144' title='bbox 986 1944 1091 2010; x_wconf 91' lang='lat' dir='ltr'><strong>doleat</strong></span> <span class='ocrx_word' id='word_1_145' title='bbox 1104 1947 1137 2010; x_wconf 93' lang='lat' dir='ltr'><strong>iu</strong></span> <span class='ocrx_word' id='word_1_146' title='bbox 1153 1967 1291 2031; x_wconf 92' lang='lat' dir='ltr'><strong>corpore,</strong></span> <span class='ocrx_word' id='word_1_147' title='bbox 1311 1945 1386 2012; x_wconf 91' lang='lat' dir='ltr'><strong>hinc</strong></span> <span class='ocrx_word' id='word_1_148' title='bbox 1400 1945 1458 2010; x_wconf 86' lang='lat' dir='ltr'><strong>ad·</strong></span> 
     </span>
     <span class='ocr_line' id='line_1_18' title="bbox 294 2046 1458 2134; baseline -0.001 -21"><span class='ocrx_word' id='word_1_149' title='bbox 294 2051 461 2130; x_wconf 89' lang='lat' dir='ltr'><strong>vertimus,</strong></span> <span class='ocrx_word' id='word_1_150' title='bbox 484 2046 566 2131; x_wconf 90' lang='lat' dir='ltr'><strong>quod</strong></span> <span class='ocrx_word' id='word_1_151' title='bbox 588 2046 754 2112; x_wconf 82' lang='lat' dir='ltr'><strong>recedente</strong></span> <span class='ocrx_word' id='word_1_152' title='bbox 776 2049 881 2112; x_wconf 87' lang='lat' dir='ltr'><strong>anima</strong></span> <span class='ocrx_word' id='word_1_153' title='bbox 901 2047 940 2112; x_wconf 91' lang='lat' dir='ltr'><strong>de</strong></span> <span class='ocrx_word' id='word_1_154' title='bbox 964 2067 1091 2132; x_wconf 90' lang='lat' dir='ltr'><strong>corpore</strong></span> <span class='ocrx_word' id='word_1_155' title='bbox 1113 2047 1199 2112; x_wconf 85' lang='lat' dir='ltr'><strong>nulla</strong></span> <span class='ocrx_word' id='word_1_156' title='bbox 1219 2055 1325 2134; x_wconf 88' lang='lat' dir='ltr'><strong>potest</strong></span> <span class='ocrx_word' id='word_1_157' title='bbox 1346 2067 1458 2134; x_wconf 91' lang='lat' dir='ltr'><strong>eorpus</strong></span> 
     </span>
     <span class='ocr_line' id='line_1_19' title="bbox 294 2149 1457 2236; baseline 0 -22"><span class='ocrx_word' id='word_1_158' title='bbox 294 2154 421 2234; x_wconf 89' lang='lat' dir='ltr'><strong>sentire,</strong></span> <span class='ocrx_word' id='word_1_159' title='bbox 437 2171 495 2216; x_wconf 90' lang='lat' dir='ltr'><strong>nec</strong></span> <span class='ocrx_word' id='word_1_160' title='bbox 511 2149 716 2214; x_wconf 80' lang='lat' dir='ltr'><strong>adversanos</strong></span> <span class='ocrx_word' id='word_1_161' title='bbox 731 2171 888 2236; x_wconf 86' lang='lat' dir='ltr'><strong>prospera.</strong></span> <span class='ocrx_word' id='word_1_162' title='bbox 926 2151 963 2214; x_wconf 92' lang='lat' dir='ltr'><strong>ln</strong></span> <span class='ocrx_word' id='word_1_163' title='bbox 984 2171 1110 2235; x_wconf 89' lang='lat' dir='ltr'><strong>corpore</strong></span> <span class='ocrx_word' id='word_1_164' title='bbox 1131 2171 1202 2234; x_wconf 84' lang='lat' dir='ltr'><strong>ergo</strong></span> <span class='ocrx_word' id='word_1_165' title='bbox 1218 2151 1337 2216; x_wconf 90' lang='lat' dir='ltr'><strong>domini</strong></span> <span class='ocrx_word' id='word_1_166' title='bbox 1358 2152 1457 2217; x_wconf 80' lang='lat' dir='ltr'><strong>nostri</strong></span> 
     </span>
     <span class='ocr_line' id='line_1_20' title="bbox 292 2252 1456 2338; baseline 0.002 -20"><span class='ocrx_word' id='word_1_167' title='bbox 292 2254 365 2318; x_wconf 87' lang='lat' dir='ltr'><strong>Iesu</strong></span> <span class='ocrx_word' id='word_1_168' title='bbox 379 2253 496 2319; x_wconf 88' lang='lat' dir='ltr'><strong>Christi</strong></span> <span class='ocrx_word' id='word_1_169' title='bbox 510 2255 617 2318; x_wconf 90' lang='lat' dir='ltr'><strong>anima</strong></span> <span class='ocrx_word' id='word_1_170' title='bbox 630 2252 834 2316; x_wconf 88' lang='lat' dir='ltr'><strong>humanitatis</strong></span> <span class='ocrx_word' id='word_1_171' title='bbox 850 2256 964 2334; x_wconf 90' lang='lat' dir='ltr'><strong>sensit,</strong></span> <span class='ocrx_word' id='word_1_172' title='bbox 984 2273 1078 2336; x_wconf 87' lang='lat' dir='ltr'><strong>quem</strong></span> <span class='ocrx_word' id='word_1_173' title='bbox 1097 2273 1170 2318; x_wconf 90' lang='lat' dir='ltr'><strong>oum</strong></span> <span class='ocrx_word' id='word_1_174' title='bbox 1184 2275 1313 2338; x_wconf 88' lang='lat' dir='ltr'><strong>corpore</strong></span> <span class='ocrx_word' id='word_1_175' title='bbox 1328 2254 1456 2320; x_wconf 80' lang='lat' dir='ltr'><strong>adsum-</strong></span> 
     </span>
     <span class='ocr_line' id='line_1_21' title="bbox 292 2354 1456 2444; baseline 0.002 -24"><span class='ocrx_word' id='word_1_176' title='bbox 292 2360 366 2444; x_wconf 83' lang='lat' dir='ltr'><strong>psit,</strong></span> <span class='ocrx_word' id='word_1_177' title='bbox 381 2377 444 2422; x_wconf 93' lang='lat' dir='ltr'><strong>non</strong></span> <span class='ocrx_word' id='word_1_178' title='bbox 459 2357 527 2440; x_wconf 89' lang='lat' dir='ltr'><strong>ipse</strong></span> <span class='ocrx_word' id='word_1_179' title='bbox 543 2357 596 2440; x_wconf 93' lang='lat' dir='ltr'><strong>qui</strong></span> <span class='ocrx_word' id='word_1_180' title='bbox 610 2354 797 2440; x_wconf 88' lang='lat' dir='ltr'><strong>adsumpsit,</strong></span> <span class='ocrx_word' id='word_1_181' title='bbox 808 2357 890 2420; x_wconf 89' lang='lat' dir='ltr'><strong>sicut</strong></span> <span class='ocrx_word' id='word_1_182' title='bbox 903 2375 961 2420; x_wconf 89' lang='lat' dir='ltr'><strong>nec</strong></span> <span class='ocrx_word' id='word_1_183' title='bbox 977 2355 1034 2436; x_wconf 86' lang='lat' dir='ltr'><strong>sol,</strong></span> <span class='ocrx_word' id='word_1_184' title='bbox 1049 2358 1101 2438; x_wconf 90' lang='lat' dir='ltr'><strong>qui</strong></span> <span class='ocrx_word' id='word_1_185' title='bbox 1116 2358 1149 2420; x_wconf 92' lang='lat' dir='ltr'><strong>in</strong></span> <span class='ocrx_word' id='word_1_186' title='bbox 1161 2357 1271 2421; x_wconf 90' lang='lat' dir='ltr'><strong>arbore</strong></span> <span class='ocrx_word' id='word_1_187' title='bbox 1283 2376 1379 2440; x_wconf 90' lang='lat' dir='ltr'><strong>qnam</strong></span> <span class='ocrx_word' id='word_1_188' title='bbox 1389 2377 1456 2422; x_wconf 90' lang='lat' dir='ltr'><strong>me-</strong></span> 
     </span>
     <span class='ocr_line' id='line_1_22' title="bbox 292 2456 1455 2544; baseline 0.001 -20"><span class='ocrx_word' id='word_1_189' title='bbox 292 2479 450 2525; x_wconf 88' lang='lat' dir='ltr'><strong>moramus</strong></span> <span class='ocrx_word' id='word_1_190' title='bbox 464 2457 587 2524; x_wconf 78' lang='lat' dir='ltr'><strong>inlusit.</strong></span> <span class='ocrx_word' id='word_1_191' title='bbox 624 2457 757 2524; x_wconf 79' lang='lat' dir='ltr'><strong>Etiamsi</strong></span> <span class='ocrx_word' id='word_1_192' title='bbox 778 2456 853 2522; x_wconf 90' lang='lat' dir='ltr'><strong>solis</strong></span> <span class='ocrx_word' id='word_1_193' title='bbox 872 2456 926 2522; x_wconf 83' lang='lat' dir='ltr'><strong>lux</strong></span> <span class='ocrx_word' id='word_1_194' title='bbox 942 2459 975 2522; x_wconf 93' lang='lat' dir='ltr'><strong>in</strong></span> <span class='ocrx_word' id='word_1_195' title='bbox 995 2457 1104 2524; x_wconf 91' lang='lat' dir='ltr'><strong>arbore</strong></span> <span class='ocrx_word' id='word_1_196' title='bbox 1119 2460 1252 2544; x_wconf 91' lang='lat' dir='ltr'><strong>possita</strong></span> <span class='ocrx_word' id='word_1_197' title='bbox 1271 2459 1455 2525; x_wconf 83' lang='lat' dir='ltr'><strong>verberante</strong></span> 
     </span>
     <span class='ocr_line' id='line_1_23' title="bbox 294 2559 1457 2646; baseline -0.002 -18"><span class='ocrx_word' id='word_1_198' title='bbox 294 2561 431 2644; x_wconf 91' lang='lat' dir='ltr'><strong>concidi,</strong></span> <span class='ocrx_word' id='word_1_199' title='bbox 451 2563 485 2626; x_wconf 93' lang='lat' dir='ltr'><strong>iu</strong></span> <span class='ocrx_word' id='word_1_200' title='bbox 497 2561 621 2626; x_wconf 87' lang='lat' dir='ltr'><strong>Christo</strong></span> <span class='ocrx_word' id='word_1_201' title='bbox 637 2559 787 2626; x_wconf 85' lang='lat' dir='ltr'><strong>divinitas</strong></span> <span class='ocrx_word' id='word_1_202' title='bbox 802 2579 865 2624; x_wconf 94' lang='lat' dir='ltr'><strong>non</strong></span> <span class='ocrx_word' id='word_1_203' title='bbox 879 2562 1013 2644; x_wconf 90' lang='lat' dir='ltr'><strong>possita</strong></span> <span class='ocrx_word' id='word_1_204' title='bbox 1032 2562 1190 2626; x_wconf 88' lang='lat' dir='ltr'><strong>cruciante</strong></span> <span class='ocrx_word' id='word_1_205' title='bbox 1213 2563 1362 2646; x_wconf 78' lang='lat' dir='ltr'><strong>contingi,</strong></span> <span class='ocrx_word' id='word_1_206' title='bbox 1384 2564 1457 2646; x_wconf 86' lang='lat' dir='ltr'><strong>quia</strong></span> 
     </span>
     <span class='ocr_line' id='line_1_24' title="bbox 292 2659 1454 2749; baseline -0.004 -18"><span class='ocrx_word' id='word_1_207' title='bbox 292 2666 367 2732; x_wconf 89' lang='lat' dir='ltr'><strong>solis</strong></span> <span class='ocrx_word' id='word_1_208' title='bbox 386 2665 441 2730; x_wconf 88' lang='lat' dir='ltr'><strong>lux</strong></span> <span class='ocrx_word' id='word_1_209' title='bbox 460 2669 602 2728; x_wconf 90' lang='lat' dir='ltr'><strong>creatura</strong></span> <span class='ocrx_word' id='word_1_210' title='bbox 621 2668 685 2744; x_wconf 86' lang='lat' dir='ltr'><strong>est,</strong></span> <span class='ocrx_word' id='word_1_211' title='bbox 710 2659 762 2726; x_wconf 91' lang='lat' dir='ltr'><strong>hio</strong></span> <span class='ocrx_word' id='word_1_212' title='bbox 782 2667 889 2728; x_wconf 86' lang='lat' dir='ltr'><strong>autem</strong></span> <span class='ocrx_word' id='word_1_213' title='bbox 908 2669 1028 2728; x_wconf 91' lang='lat' dir='ltr'><strong>creator</strong></span> <span class='ocrx_word' id='word_1_214' title='bbox 1047 2666 1226 2747; x_wconf 80' lang='lat' dir='ltr'><strong>agnoscitur</strong></span> <span class='ocrx_word' id='word_1_215' title='bbox 1247 2670 1280 2728; x_wconf 90' lang='lat' dir='ltr'><strong>et</strong></span> <span class='ocrx_word' id='word_1_216' title='bbox 1296 2663 1454 2749; x_wconf 87' lang='lat' dir='ltr'><strong>probatur.</strong></span> 
     </span>
    </p>

    <p class='ocr_par' dir='ltr' id='par_1_4' title="bbox 242 2764 1456 2852">
     <span class='ocr_line' id='line_1_25' title="bbox 242 2764 1456 2852; baseline -0.003 -18"><span class='ocrx_word' id='word_1_217' title='bbox 242 2809 250 2821; x_wconf 87' lang='lat'><em>-</em></span> <span class='ocrx_word' id='word_1_218' title='bbox 292 2769 373 2834; x_wconf 87' lang='lat' dir='ltr'><strong>Nam</strong></span> <span class='ocrx_word' id='word_1_219' title='bbox 388 2767 471 2852; x_wconf 90' lang='lat' dir='ltr'><strong>quod</strong></span> <span class='ocrx_word' id='word_1_220' title='bbox 483 2768 589 2830; x_wconf 91' lang='lat' dir='ltr'><strong>anima</strong></span> <span class='ocrx_word' id='word_1_221' title='bbox 602 2764 808 2830; x_wconf 88' lang='lat' dir='ltr'><strong>humanitatis</strong></span> <span class='ocrx_word' id='word_1_222' title='bbox 828 2767 963 2830; x_wconf 85' lang='lat' dir='ltr'><strong>senserit</strong></span> <span class='ocrx_word' id='word_1_223' title='bbox 976 2769 1154 2850; x_wconf 86' lang='lat' dir='ltr'><strong>passionem</strong></span> <span class='ocrx_word' id='word_1_224' title='bbox 1169 2769 1237 2850; x_wconf 85' lang='lat' dir='ltr'><strong>ipse</strong></span> <span class='ocrx_word' id='word_1_225' title='bbox 1252 2765 1399 2832; x_wconf 90' lang='lat' dir='ltr'><strong>domiuus</strong></span> <span class='ocrx_word' id='word_1_226' title='bbox 1413 2770 1456 2834; x_wconf 86' lang='lat' dir='ltr'><strong>ait</strong></span> 
     </span>
    </p>

    <p class='ocr_par' dir='ltr' id='par_1_5' title="bbox 292 2866 1454 3054">
     <span class='ocr_line' id='line_1_26' title="bbox 292 2866 1454 2956; baseline 0.002 -22"><span class='ocrx_word' id='word_1_227' title='bbox 292 2871 333 2936; x_wconf 90' lang='lat' dir='ltr'><strong>ad</strong></span> <span class='ocrx_word' id='word_1_228' title='bbox 348 2869 518 2954; x_wconf 90' lang='lat' dir='ltr'><strong>discipulos</strong></span> <span class='ocrx_word' id='word_1_229' title='bbox 534 2889 618 2950; x_wconf 87' lang='lat' dir='ltr'><strong>suos,</strong></span> <span class='ocrx_word' id='word_1_230' title='bbox 634 2867 758 2949; x_wconf 89' lang='lat' dir='ltr'><strong>dicens,</strong></span> <span class='ocrx_word' id='word_1_231' title='bbox 778 2866 915 2933; x_wconf 75' lang='grc' dir='ltr'><strong>2Τιιίιιι</strong></span> <span class='ocrx_word' id='word_1_232' title='bbox 934 2879 979 2932; x_wconf 78' lang='grc' dir='ltr'><strong>ιιι</strong></span> <span class='ocrx_word' id='word_1_233' title='bbox 991 2872 1100 2933; x_wconf 80' lang='lat' dir='ltr'><strong>ocimo</strong></span> <span class='ocrx_word' id='word_1_234' title='bbox 1118 2891 1187 2934; x_wconf 79' lang='lat' dir='ltr'><strong>caeo</strong></span> <span class='ocrx_word' id='word_1_235' title='bbox 1202 2891 1300 2956; x_wconf 76' lang='lat' dir='ltr'><strong>aeque</strong></span> <span class='ocrx_word' id='word_1_236' title='bbox 1314 2872 1360 2936; x_wconf 83' lang='lat' dir='ltr'><strong>od</strong></span> <span class='ocrx_word' id='word_1_237' title='bbox 1372 2893 1454 2936; x_wconf 62' lang='lat' dir='ltr'><strong>otoo</strong></span> 
     </span>
     <span class='ocr_line' id='line_1_27' title="bbox 292 2969 1261 3054; baseline -0.002 -18"><span class='ocrx_word' id='word_1_238' title='bbox 292 2984 360 3038; x_wconf 81' lang='lat' dir='ltr'><strong>teon</strong></span> <span class='ocrx_word' id='word_1_239' title='bbox 396 2973 436 3038; x_wconf 90' lang='lat' dir='ltr'><strong>Et</strong></span> <span class='ocrx_word' id='word_1_240' title='bbox 448 2971 523 3036; x_wconf 89' lang='lat' dir='ltr'><strong>hino</strong></span> <span class='ocrx_word' id='word_1_241' title='bbox 538 2970 655 3034; x_wconf 83' lang='lat' dir='ltr'><strong>dixisse</strong></span> <span class='ocrx_word' id='word_1_242' title='bbox 671 2969 814 3035; x_wconf 86' lang='lat' dir='ltr'><strong>sufficiat</strong></span> <span class='ocrx_word' id='word_1_243' title='bbox 851 2969 1045 3036; x_wconf 77' lang='lat' dir='ltr'><strong>Accedamus</strong></span> <span class='ocrx_word' id='word_1_244' title='bbox 1060 2970 1101 3034; x_wconf 90' lang='lat' dir='ltr'><strong>nd</strong></span> <span class='ocrx_word' id='word_1_245' title='bbox 1114 2970 1261 3054; x_wconf 88' lang='lat' dir='ltr'><strong>reliquos.</strong></span> 
     </span>
    </p>

    <p class='ocr_par' dir='ltr' id='par_1_6' title="bbox 116 3071 1456 3570">
     <span class='ocr_line' id='line_1_28' title="bbox 116 3071 1455 3160; baseline 0.006 -27"><span class='ocrx_word' id='word_1_246' title='bbox 116 3091 274 3144; x_wconf 62' lang='lat' dir='ltr'><strong>osanxxrv.</strong></span> <span class='ocrx_word' id='word_1_247' title='bbox 356 3074 674 3160; x_wconf 77' lang='lat' dir='ltr'><strong>septuagesimamet</strong></span> <span class='ocrx_word' id='word_1_248' title='bbox 688 3077 830 3156; x_wconf 86' lang='lat' dir='ltr'><strong>quartam</strong></span> <span class='ocrx_word' id='word_1_249' title='bbox 845 3071 999 3136; x_wconf 86' lang='lat' dir='ltr'><strong>haeresim</strong></span> <span class='ocrx_word' id='word_1_250' title='bbox 1018 3072 1226 3138; x_wconf 85' lang='lat' dir='ltr'><strong>¹Triscelidae</strong></span> <span class='ocrx_word' id='word_1_251' title='bbox 1246 3076 1455 3156; x_wconf 88' lang='lat' dir='ltr'><strong>incurrerunt,</strong></span> 
     </span>
     <span class='ocr_line' id='line_1_29' title="bbox 292 3174 1455 3264; baseline 0.002 -22"><span class='ocrx_word' id='word_1_252' title='bbox 292 3179 346 3263; x_wconf 89' lang='lat' dir='ltr'><strong>qni</strong></span> <span class='ocrx_word' id='word_1_253' title='bbox 360 3177 534 3242; x_wconf 80' lang='lat' dir='ltr'><strong>triformem</strong></span> <span class='ocrx_word' id='word_1_254' title='bbox 549 3174 642 3240; x_wconf 92' lang='lat' dir='ltr'><strong>deum</strong></span> <span class='ocrx_word' id='word_1_255' title='bbox 657 3175 702 3238; x_wconf 90' lang='lat' dir='ltr'><strong>ita</strong></span> <span class='ocrx_word' id='word_1_256' title='bbox 715 3174 881 3256; x_wconf 88' lang='lat' dir='ltr'><strong>adserunt,</strong></span> <span class='ocrx_word' id='word_1_257' title='bbox 901 3181 937 3240; x_wconf 91' lang='lat' dir='ltr'><strong>ut</strong></span> <span class='ocrx_word' id='word_1_258' title='bbox 957 3175 1110 3258; x_wconf 89' lang='lat' dir='ltr'><strong>quaedam</strong></span> <span class='ocrx_word' id='word_1_259' title='bbox 1124 3197 1196 3261; x_wconf 89' lang='lat' dir='ltr'><strong>pars</strong></span> <span class='ocrx_word' id='word_1_260' title='bbox 1212 3178 1279 3242; x_wconf 88' lang='lat' dir='ltr'><strong>eius</strong></span> <span class='ocrx_word' id='word_1_261' title='bbox 1300 3179 1343 3242; x_wconf 89' lang='lat' dir='ltr'><strong>sit</strong></span> <span class='ocrx_word' id='word_1_262' title='bbox 1356 3185 1455 3264; x_wconf 88' lang='lat' dir='ltr'><strong>pater,</strong></span> 
     </span>
     <span class='ocr_line' id='line_1_30' title="bbox 291 3275 1455 3365; baseline 0.001 -20"><span class='ocrx_word' id='word_1_263' title='bbox 291 3279 444 3365; x_wconf 86' lang='lat' dir='ltr'><strong>quaedam</strong></span> <span class='ocrx_word' id='word_1_264' title='bbox 465 3277 564 3358; x_wconf 88' lang='lat' dir='ltr'><strong>filius,</strong></span> <span class='ocrx_word' id='word_1_265' title='bbox 585 3275 738 3361; x_wconf 90' lang='lat' dir='ltr'><strong>quaedam</strong></span> <span class='ocrx_word' id='word_1_266' title='bbox 758 3277 887 3362; x_wconf 91' lang='lat' dir='ltr'><strong>spiritus</strong></span> <span class='ocrx_word' id='word_1_267' title='bbox 908 3284 1051 3360; x_wconf 89' lang='lat' dir='ltr'><strong>sanctus,</strong></span> <span class='ocrx_word' id='word_1_268' title='bbox 1071 3285 1104 3344; x_wconf 90' lang='lat' dir='ltr'><strong>et</strong></span> <span class='ocrx_word' id='word_1_269' title='bbox 1123 3279 1197 3344; x_wconf 90' lang='lat' dir='ltr'><strong>hino</strong></span> <span class='ocrx_word' id='word_1_270' title='bbox 1217 3281 1259 3343; x_wconf 88' lang='lat' dir='ltr'><strong>sit</strong></span> <span class='ocrx_word' id='word_1_271' title='bbox 1276 3281 1404 3346; x_wconf 88' lang='lat' dir='ltr'><strong>trinitas</strong></span> <span class='ocrx_word' id='word_1_272' title='bbox 1423 3284 1455 3346; x_wconf 94' lang='lat' dir='ltr'><strong>in</strong></span> 
     </span>
     <span class='ocr_line' id='line_1_31' title="bbox 291 3379 1456 3464; baseline -0.003 -16"><span class='ocrx_word' id='word_1_273' title='bbox 291 3386 421 3448; x_wconf 86' lang='lat' dir='ltr'><strong>unitate.</strong></span> <span class='ocrx_word' id='word_1_274' title='bbox 457 3380 505 3446; x_wconf 91' lang='lat' dir='ltr'><strong>De</strong></span> <span class='ocrx_word' id='word_1_275' title='bbox 525 3379 638 3464; x_wconf 90' lang='lat' dir='ltr'><strong>quibus</strong></span> <span class='ocrx_word' id='word_1_276' title='bbox 660 3381 705 3442; x_wconf 89' lang='lat' dir='ltr'><strong>ait</strong></span> <span class='ocrx_word' id='word_1_277' title='bbox 726 3380 906 3462; x_wconf 82' lang='lat' dir='ltr'><strong>Gregorius:</strong></span> <span class='ocrx_word' id='word_1_278' title='bbox 931 3379 1075 3446; x_wconf 87' lang='lat' dir='ltr'><strong>Infelices</strong></span> <span class='ocrx_word' id='word_1_279' title='bbox 1096 3387 1128 3446; x_wconf 91' lang='lat' dir='ltr'><strong>et</strong></span> <span class='ocrx_word' id='word_1_280' title='bbox 1146 3383 1255 3446; x_wconf 90' lang='lat' dir='ltr'><strong>miseri</strong></span> <span class='ocrx_word' id='word_1_281' title='bbox 1269 3403 1333 3448; x_wconf 92' lang='lat' dir='ltr'><strong>nou</strong></span> <span class='ocrx_word' id='word_1_282' title='bbox 1348 3383 1456 3448; x_wconf 82' lang='lat' dir='ltr'><strong>vident</strong></span> 
     </span>
     <span class='ocr_line' id='line_1_32' title="bbox 292 3480 1455 3570; baseline 0 -20"><span class='ocrx_word' id='word_1_283' title='bbox 292 3488 365 3570; x_wconf 89' lang='lat' dir='ltr'><strong>quia</strong></span> <span class='ocrx_word' id='word_1_284' title='bbox 378 3489 477 3550; x_wconf 92' lang='lat' dir='ltr'><strong>totam</strong></span> <span class='ocrx_word' id='word_1_285' title='bbox 491 3485 593 3568; x_wconf 87' lang='lat' dir='ltr'><strong>ipsam</strong></span> <span class='ocrx_word' id='word_1_286' title='bbox 606 3483 779 3546; x_wconf 85' lang='lat' dir='ltr'><strong>trinitatem</strong></span> <span class='ocrx_word' id='word_1_287' title='bbox 794 3480 1022 3566; x_wconf 86' lang='lat' dir='ltr'><strong>blasphemant.</strong></span> <span class='ocrx_word' id='word_1_288' title='bbox 1051 3483 1122 3550; x_wconf 91' lang='lat' dir='ltr'><strong>Non</strong></span> <span class='ocrx_word' id='word_1_289' title='bbox 1136 3491 1185 3548; x_wconf 86' lang='lat' dir='ltr'><strong>est</strong></span> <span class='ocrx_word' id='word_1_290' title='bbox 1199 3486 1285 3550; x_wconf 87' lang='lat' dir='ltr'><strong>enim</strong></span> <span class='ocrx_word' id='word_1_291' title='bbox 1300 3484 1379 3550; x_wconf 94' lang='lat' dir='ltr'><strong>dens</strong></span> <span class='ocrx_word' id='word_1_292' title='bbox 1394 3485 1455 3550; x_wconf 90' lang='lat' dir='ltr'><strong>nisi</strong></span> 
     </span>
    </p>
   </div>
   <div class='ocr_carea' id='block_1_3' title="bbox 290 3583 1455 4184">
    <p class='ocr_par' dir='ltr' id='par_1_7' title="bbox 290 3583 1455 4184">
     <span class='ocr_line' id='line_1_33' title="bbox 292 3583 1454 3678; baseline -0.002 -24"><span class='ocrx_word' id='word_1_293' title='bbox 292 3591 345 3673; x_wconf 89' lang='lat' dir='ltr'><strong>qui</strong></span> <span class='ocrx_word' id='word_1_294' title='bbox 359 3590 393 3652; x_wconf 95' lang='lat' dir='ltr'><strong>in</strong></span> <span class='ocrx_word' id='word_1_295' title='bbox 408 3588 511 3678; x_wconf 85' lang='lat' dir='ltr'><strong>seipso</strong></span> <span class='ocrx_word' id='word_1_296' title='bbox 526 3583 683 3670; x_wconf 88' lang='lat' dir='ltr'><strong>perfectus</strong></span> <span class='ocrx_word' id='word_1_297' title='bbox 698 3589 755 3648; x_wconf 90' lang='lat' dir='ltr'><strong>est.</strong></span> <span class='ocrx_word' id='word_1_298' title='bbox 791 3583 953 3650; x_wconf 86' lang='lat' dir='ltr'><strong>Perfectus</strong></span> <span class='ocrx_word' id='word_1_299' title='bbox 974 3605 1045 3668; x_wconf 84' lang='lat' dir='ltr'><strong>ergo</strong></span> <span class='ocrx_word' id='word_1_300' title='bbox 1064 3593 1154 3671; x_wconf 91' lang='lat' dir='ltr'><strong>pater</strong></span> <span class='ocrx_word' id='word_1_301' title='bbox 1173 3587 1348 3672; x_wconf 87' lang='lat' dir='ltr'><strong>perfectum</strong></span> <span class='ocrx_word' id='word_1_302' title='bbox 1368 3608 1407 3652; x_wconf 83' lang='lat' dir='ltr'><strong>ex</strong></span> <span class='ocrx_word' id='word_1_303' title='bbox 1422 3609 1454 3654; x_wconf 90' lang='lat' dir='ltr'><strong>se</strong></span> 
     </span>
     <span class='ocr_line' id='line_1_34' title="bbox 291 3685 1455 3776; baseline 0.002 -22"><span class='ocrx_word' id='word_1_304' title='bbox 291 3692 398 3776; x_wconf 83' lang='lat' dir='ltr'><strong>genuit</strong></span> <span class='ocrx_word' id='word_1_305' title='bbox 418 3687 529 3770; x_wconf 88' lang='lat' dir='ltr'><strong>filium,</strong></span> <span class='ocrx_word' id='word_1_306' title='bbox 549 3685 706 3772; x_wconf 88' lang='lat' dir='ltr'><strong>perfectus</strong></span> <span class='ocrx_word' id='word_1_307' title='bbox 725 3707 764 3750; x_wconf 84' lang='lat' dir='ltr'><strong>ex</strong></span> <span class='ocrx_word' id='word_1_308' title='bbox 783 3691 870 3770; x_wconf 85' lang='lat' dir='ltr'><strong>petre</strong></span> <span class='ocrx_word' id='word_1_309' title='bbox 890 3687 1031 3772; x_wconf 90' lang='lat' dir='ltr'><strong>procedit</strong></span> <span class='ocrx_word' id='word_1_310' title='bbox 1052 3689 1181 3773; x_wconf 87' lang='lat' dir='ltr'><strong>spiritus</strong></span> <span class='ocrx_word' id='word_1_311' title='bbox 1200 3695 1338 3754; x_wconf 88' lang='lat' dir='ltr'><strong>sanetus.</strong></span> <span class='ocrx_word' id='word_1_312' title='bbox 1375 3689 1455 3758; x_wconf 84' lang='lat' dir='ltr'><strong>Ecca</strong></span> 
     </span>
     <span class='ocr_line' id='line_1_35' title="bbox 292 3787 1453 3878; baseline 0.002 -22"><span class='ocrx_word' id='word_1_313' title='bbox 292 3793 351 3858; x_wconf 91' lang='lat' dir='ltr'><strong>tria</strong></span> <span class='ocrx_word' id='word_1_314' title='bbox 365 3791 504 3878; x_wconf 89' lang='lat' dir='ltr'><strong>perfecta</strong></span> <span class='ocrx_word' id='word_1_315' title='bbox 517 3809 582 3854; x_wconf 93' lang='lat' dir='ltr'><strong>non</strong></span> <span class='ocrx_word' id='word_1_316' title='bbox 596 3788 715 3852; x_wconf 90' lang='lat' dir='ltr'><strong>faciunt</strong></span> <span class='ocrx_word' id='word_1_317' title='bbox 729 3793 793 3852; x_wconf 89' lang='lat' dir='ltr'><strong>tres</strong></span> <span class='ocrx_word' id='word_1_318' title='bbox 809 3787 899 3872; x_wconf 89' lang='lat' dir='ltr'><strong>deos,</strong></span> <span class='ocrx_word' id='word_1_319' title='bbox 915 3789 1094 3873; x_wconf 86' lang='lat' dir='ltr'><strong>sedunum,</strong></span> <span class='ocrx_word' id='word_1_320' title='bbox 1115 3791 1189 3876; x_wconf 90' lang='lat' dir='ltr'><strong>quia</strong></span> <span class='ocrx_word' id='word_1_321' title='bbox 1202 3812 1265 3858; x_wconf 89' lang='lat' dir='ltr'><strong>una</strong></span> <span class='ocrx_word' id='word_1_322' title='bbox 1279 3797 1329 3857; x_wconf 90' lang='lat' dir='ltr'><strong>ast</strong></span> <span class='ocrx_word' id='word_1_323' title='bbox 1343 3791 1453 3858; x_wconf 84' lang='lat' dir='ltr'><strong>deitas.</strong></span> 
     </span>
     <span class='ocr_line' id='line_1_36' title="bbox 290 3888 1454 3976; baseline -0.003 -13"><span class='ocrx_word' id='word_1_324' title='bbox 290 3888 362 3964; x_wconf 87' lang='lat' dir='ltr'><strong>Non</strong></span> <span class='ocrx_word' id='word_1_325' title='bbox 375 3895 460 3959; x_wconf 92' lang='lat' dir='ltr'><strong>enim</strong></span> <span class='ocrx_word' id='word_1_326' title='bbox 475 3892 556 3958; x_wconf 90' lang='lat' dir='ltr'><strong>sicut</strong></span> <span class='ocrx_word' id='word_1_327' title='bbox 571 3897 645 3956; x_wconf 89' lang='lat' dir='ltr'><strong>sunt</strong></span> <span class='ocrx_word' id='word_1_328' title='bbox 658 3895 722 3954; x_wconf 89' lang='lat' dir='ltr'><strong>tres</strong></span> <span class='ocrx_word' id='word_1_329' title='bbox 736 3910 899 3976; x_wconf 86' lang='lat' dir='ltr'><strong>personae,</strong></span> <span class='ocrx_word' id='word_1_330' title='bbox 915 3893 959 3956; x_wconf 91' lang='lat' dir='ltr'><strong>sic</strong></span> <span class='ocrx_word' id='word_1_331' title='bbox 976 3897 1039 3958; x_wconf 89' lang='lat' dir='ltr'><strong>tres</strong></span> <span class='ocrx_word' id='word_1_332' title='bbox 1055 3893 1198 3976; x_wconf 85' lang='lat' dir='ltr'><strong>deitates,</strong></span> <span class='ocrx_word' id='word_1_333' title='bbox 1219 3893 1275 3958; x_wconf 91' lang='lat' dir='ltr'><strong>sed</strong></span> <span class='ocrx_word' id='word_1_334' title='bbox 1289 3901 1366 3960; x_wconf 87' lang='lat' dir='ltr'><strong>sunt</strong></span> <span class='ocrx_word' id='word_1_335' title='bbox 1380 3901 1454 3976; x_wconf 89' lang='lat' dir='ltr'><strong>tres,</strong></span> 
     </span>
     <span class='ocr_line' id='line_1_37' title="bbox 292 3992 1455 4084; baseline 0.002 -22"><span class='ocrx_word' id='word_1_336' title='bbox 292 4003 380 4084; x_wconf 86' lang='lat' dir='ltr'><strong>pater</strong></span> <span class='ocrx_word' id='word_1_337' title='bbox 395 4003 427 4060; x_wconf 93' lang='lat' dir='ltr'><strong>et</strong></span> <span class='ocrx_word' id='word_1_338' title='bbox 440 3995 522 4061; x_wconf 87' lang='lat' dir='ltr'><strong>filius</strong></span> <span class='ocrx_word' id='word_1_339' title='bbox 535 3999 567 4058; x_wconf 90' lang='lat' dir='ltr'><strong>et</strong></span> <span class='ocrx_word' id='word_1_340' title='bbox 581 3992 708 4079; x_wconf 90' lang='lat' dir='ltr'><strong>spiritus</strong></span> <span class='ocrx_word' id='word_1_341' title='bbox 724 3999 862 4076; x_wconf 89' lang='lat' dir='ltr'><strong>sanctus,</strong></span> <span class='ocrx_word' id='word_1_342' title='bbox 876 3993 933 4060; x_wconf 90' lang='lat' dir='ltr'><strong>sed</strong></span> <span class='ocrx_word' id='word_1_343' title='bbox 947 4015 1010 4060; x_wconf 88' lang='lat' dir='ltr'><strong>una</strong></span> <span class='ocrx_word' id='word_1_344' title='bbox 1021 3995 1132 4075; x_wconf 88' lang='lat' dir='ltr'><strong>deitas,</strong></span> <span class='ocrx_word' id='word_1_345' title='bbox 1143 4017 1207 4062; x_wconf 87' lang='lat' dir='ltr'><strong>una</strong></span> <span class='ocrx_word' id='word_1_346' title='bbox 1216 3998 1378 4084; x_wconf 84' lang='lat' dir='ltr'><strong>maiestas,</strong></span> <span class='ocrx_word' id='word_1_347' title='bbox 1393 4019 1455 4064; x_wconf 85' lang='lat' dir='ltr'><strong>una</strong></span> 
     </span>
     <span class='ocr_line' id='line_1_38' title="bbox 290 4095 1149 4184; baseline -0.003 -18"><span class='ocrx_word' id='word_1_348' title='bbox 290 4103 400 4184; x_wconf 79' lang='lat' dir='ltr'><strong>virtus,</strong></span> <span class='ocrx_word' id='word_1_349' title='bbox 415 4119 478 4164; x_wconf 88' lang='lat' dir='ltr'><strong>nna</strong></span> <span class='ocrx_word' id='word_1_350' title='bbox 491 4097 635 4163; x_wconf 84' lang='lat' dir='ltr'><strong>voluntas</strong></span> <span class='ocrx_word' id='word_1_351' title='bbox 651 4100 683 4160; x_wconf 90' lang='lat' dir='ltr'><strong>et</strong></span> <span class='ocrx_word' id='word_1_352' title='bbox 696 4116 759 4160; x_wconf 92' lang='lat' dir='ltr'><strong>una</strong></span> <span class='ocrx_word' id='word_1_353' title='bbox 773 4095 949 4164; x_wconf 86' lang='lat' dir='ltr'><strong>substantia</strong></span> <span class='ocrx_word' id='word_1_354' title='bbox 963 4099 1149 4167; x_wconf 88' lang='lat' dir='ltr'><strong>confitenda.</strong></span> 
     </span>
    </p>
   </div>
   <div class='ocr_carea' id='block_1_4' title="bbox 291 4247 1455 4591">
    <p class='ocr_par' dir='ltr' id='par_1_8' title="bbox 291 4247 1453 4386">
     <span class='ocr_line' id='line_1_39' title="bbox 342 4247 1453 4324; baseline 0.005 -21"><span class='ocrx_word' id='word_1_355' title='bbox 342 4247 570 4322; x_wconf 77' lang='lat' dir='ltr'><strong>cap.Lxx11.-</strong></span> <span class='ocrx_word' id='word_1_356' title='bbox 588 4249 609 4301; x_wconf 93' lang='lat'><strong>1.</strong></span> <span class='ocrx_word' id='word_1_357' title='bbox 623 4247 701 4300; x_wconf 83' lang='lat' dir='ltr'><strong>Immo</strong></span> <span class='ocrx_word' id='word_1_358' title='bbox 714 4249 862 4316; x_wconf 65' lang='lat' dir='ltr'><strong>Augustino.</strong></span> <span class='ocrx_word' id='word_1_359' title='bbox 890 4249 930 4318; x_wconf 80' lang='lat' dir='ltr'><strong>Os.</strong></span> <span class='ocrx_word' id='word_1_360' title='bbox 943 4267 1023 4321; x_wconf 82' lang='lat' dir='ltr'><strong>supro</strong></span> <span class='ocrx_word' id='word_1_361' title='bbox 1036 4269 1094 4323; x_wconf 88' lang='lat' dir='ltr'><strong>cop.</strong></span> <span class='ocrx_word' id='word_1_362' title='bbox 1112 4249 1153 4306; x_wconf 80' lang='lat'><strong>52.</strong></span> <span class='ocrx_word' id='word_1_363' title='bbox 1171 4259 1264 4324; x_wconf 81' lang='lat' dir='ltr'><strong>etoop.</strong></span> <span class='ocrx_word' id='word_1_364' title='bbox 1276 4249 1319 4308; x_wconf 79' lang='grc'><strong>57.</strong></span> <span class='ocrx_word' id='word_1_365' title='bbox 1335 4251 1381 4307; x_wconf 74' lang='grc' dir='ltr'>ιιι·</span> <span class='ocrx_word' id='word_1_366' title='bbox 1396 4257 1453 4308; x_wconf 72' lang='lat' dir='ltr'><strong>ite·</strong></span> 
     </span>
     <span class='ocr_line' id='line_1_40' title="bbox 291 4318 768 4386; baseline 0 -16"><span class='ocrx_word' id='word_1_367' title='bbox 291 4319 448 4374; x_wconf 71' lang='lat' dir='ltr'><strong>Philocte-um</strong></span> <span class='ocrx_word' id='word_1_368' title='bbox 491 4337 505 4371; x_wconf 92' lang='lat' dir='ltr'><strong>o</strong></span> <span class='ocrx_word' id='word_1_369' title='bbox 517 4318 659 4386; x_wconf 77' lang='lat' dir='ltr'><strong>Acqnan&#39;no</strong></span> <span class='ocrx_word' id='word_1_370' title='bbox 671 4321 768 4371; x_wconf 80' lang='lat' dir='ltr'><strong>citavit.</strong></span> 
     </span>
    </p>

    <p class='ocr_par' dir='ltr' id='par_1_9' title="bbox 293 4337 1455 4591">
     <span class='ocr_line' id='line_1_41' title="bbox 343 4337 1455 4458; baseline 0.003 -16"><span class='ocrx_word' id='word_1_371' title='bbox 343 4337 587 4458; x_wconf 59' lang='lat' dir='ltr'><strong>cap.1.rblffl.-</strong></span> <span class='ocrx_word' id='word_1_372' title='bbox 609 4385 631 4438; x_wconf 93' lang='lat' dir='ltr'><strong>l.</strong></span> <span class='ocrx_word' id='word_1_373' title='bbox 643 4385 775 4438; x_wconf 79' lang='lat' dir='ltr'><strong>omninno</strong></span> <span class='ocrx_word' id='word_1_374' title='bbox 793 4404 815 4440; x_wconf 90' lang='lat' dir='ltr'><strong>c.</strong></span> <span class='ocrx_word' id='word_1_375' title='bbox 831 4402 885 4439; x_wconf 93' lang='lat' dir='ltr'><strong>non</strong></span> <span class='ocrx_word' id='word_1_376' title='bbox 898 4387 954 4441; x_wconf 82' lang='lat' dir='ltr'><strong>edd.</strong></span> <span class='ocrx_word' id='word_1_377' title='bbox 965 4386 1044 4444; x_wconf 76' lang='lat' dir='ltr'><strong>Sirra</strong></span> <span class='ocrx_word' id='word_1_378' title='bbox 1058 4389 1140 4454; x_wconf 72' lang='lat' dir='ltr'><strong>(loll,</strong></span> <span class='ocrx_word' id='word_1_379' title='bbox 1158 4389 1366 4444; x_wconf 69' lang='lat' dir='ltr'><strong>consedentibus</strong></span> <span class='ocrx_word' id='word_1_380' title='bbox 1383 4387 1455 4445; x_wconf 67' lang='lat' dir='ltr'><strong>dicad</strong></span> 
     </span>
     <span class='ocr_line' id='line_1_42' title="bbox 293 4405 871 4519; baseline -0.003 -11"><span class='ocrx_word' id='word_1_381' title='bbox 293 4457 366 4508; x_wconf 66' lang='lat' dir='ltr'><strong>&amp;abde</strong></span> <span class='ocrx_word' id='word_1_382' title='bbox 377 4465 435 4508; x_wconf 84' lang='lat' dir='ltr'><strong>cett.</strong></span> <span class='ocrx_word' id='word_1_383' title='bbox 448 4455 528 4507; x_wconf 72' lang='lat' dir='ltr'><strong>tibris.</strong></span> <span class='ocrx_word' id='word_1_384' title='bbox 580 4451 605 4507; x_wconf 76' lang='lat'><strong>2.</strong></span> <span class='ocrx_word' id='word_1_385' title='bbox 617 4451 709 4505; x_wconf 75' lang='lat' dir='ltr'><strong>Maon.</strong></span> <span class='ocrx_word' id='word_1_386' title='bbox 720 4405 818 4519; x_wconf 67' lang='lat' dir='ltr'><strong>nli,</strong></span> <span class='ocrx_word' id='word_1_387' title='bbox 829 4453 871 4508; x_wconf 82' lang='grc'><strong>38.</strong></span> 
     </span>
     <span class='ocr_line' id='line_1_43' title="bbox 343 4519 1075 4591; baseline 0.004 -15"><span class='ocrx_word' id='word_1_388' title='bbox 343 4523 404 4591; x_wconf 82' lang='lat' dir='ltr'><strong>Cap.</strong></span> <span class='ocrx_word' id='word_1_389' title='bbox 417 4521 535 4575; x_wconf 81' lang='lat' dir='ltr'>LXXIV.</span> <span class='ocrx_word' id='word_1_390' title='bbox 550 4551 581 4561; x_wconf 99' lang='lat'>-</span> <span class='ocrx_word' id='word_1_391' title='bbox 596 4520 617 4571; x_wconf 87' lang='lat'><strong>1.</strong></span> <span class='ocrx_word' id='word_1_392' title='bbox 628 4519 780 4575; x_wconf 67' lang='lat' dir='ltr'><strong>triscilidae</strong></span> <span class='ocrx_word' id='word_1_393' title='bbox 792 4523 849 4576; x_wconf 81' lang='lat' dir='ltr'><strong>edd.</strong></span> <span class='ocrx_word' id='word_1_394' title='bbox 861 4522 938 4576; x_wconf 76' lang='lat' dir='ltr'><strong>Sina</strong></span> <span class='ocrx_word' id='word_1_395' title='bbox 953 4525 1075 4579; x_wconf 66' lang='lat' dir='ltr'><strong>(letand.</strong></span> 
     </span>
    </p>
   </div>
   <div class='ocr_carea' id='block_1_5' title="bbox 0 0 1564 4994">
    <p class='ocr_par' dir='ltr' id='par_1_10' title="bbox 0 0 1564 4994">
     <span class='ocr_line' id='line_1_44' title="bbox 0 0 1564 4994; baseline 0 3"><span class='ocrx_word' id='word_1_396' title='bbox 0 0 1564 4994; x_wconf 95' lang='lat' dir='ltr'><strong> </strong></span> 
     </span>
    </p>
   </div>
  </div>
 </body>
</html>
