3112 4986
283 251 343 316 160
765 247 915 290 Pffllrhffll

280 403 337 468 sed
352 403 508 470 ¹³dextras
523 401 692 488 laevaeque
707 403 922 486 adsignantur,
938 409 971 470 et
983 409 1020 469 ut
1034 403 1220 470 l‘contraria
1231 409 1264 468 et
1274 422 1339 468 non
1349 399 1449 486 plena

282 509 420 572 veritatis
434 509 479 571 ita
492 505 637 590 leguntur
652 527 672 570 a
685 505 836 592 plurimis.
861 507 1067 592 Septuaginta
1080 527 1154 572 vero
1169 505 1301 572 duorum
1316 505 1448 570 decreta

280 615 372 692 atque
388 609 545 690 consulta,
566 629 603 672 aa
621 609 730 690 legens
750 609 884 674 ecclesia
899 609 1053 674 catholica
1067 630 1189 694 semper
1203 609 1300 673 babet
1314 613 1346 672 et
1361 607 1446 675 deti·

280 719 334 776 net
348 715 582 794 incunctanter,
603 711 686 776 illius
707 719 811 776 autem
832 715 922 795 quasi
938 713 1093 796 superflua
1107 715 1151 778 ita
1165 714 1311 776 aestimat
1325 731 1395 774 esse
1412 715 1447 774 et

279 814 404 880 indicat.
426 815 512 880 Haec
528 817 655 895 etenim,
670 815 703 878 id
718 823 767 878 est
778 815 984 900 Septuaginta
998 815 1130 882 duorum
1141 815 1369 898 interpretatio,
1383 812 1446 876 snb

276 917 467 983 Ptolemaeo¹
489 939 559 1000 rege
581 920 805 1002 Aegyptiorum
831 925 903 1002 post
923 918 1139 983 Alexandrum
1160 916 1367 982 Macedonem
1393 921 1445 980 est

278 1021 362 1084 edita
376 1021 532 1102 omnibus,
546 1021 722 1106 populoque
737 1020 863 1088 ludaico
878 1023 912 1084 in
924 1021 1121 1086 Hierusalem
1136 1020 1209 1084 data
1223 1025 1282 1100 est,
1297 1035 1370 1084 cum
1383 1018 1445 1082 ha-

277 1124 416 1190 bitarent
431 1145 494 1188 non
508 1123 599 1188 multi
614 1123 721 1188 ludaei
735 1123 823 1188 velut
835 1126 869 1188 in
884 1123 1079 1188 subiectione
1094 1127 1156 1188 iam
1172 1123 1265 1208 positi
1279 1123 1361 1204 regis
1376 1123 1442 1186 Ae·

276 1229 386 1312 gyptii,
401 1229 561 1309 rogatique
574 1225 613 1289 ab
626 1228 693 1310 ipso
705 1226 894 1306 Ptolemaeo,
909 1234 944 1290 ut
955 1228 1143 1311 interpretes
1155 1228 1354 1290 mitterentur
1364 1223 1442 1288 Ale·

276 1329 449 1393 xandriam.
475 1328 566 1406 ¹⁵Qu0
582 1349 654 1394 cum
669 1332 830 1394 venissent
845 1329 1049 1414 Septuaginta
1063 1329 1125 1394 duo
1141 1331 1299 1414 sapientes
1313 1349 1350 1391 ac
1364 1347 1441 1412 pru·

277 1430 387 1496 dentes
403 1433 462 1494 vrri
476 1433 679 1516 interpretes,
694 1431 868 1496 secundum
883 1435 1003 1500 iussum
1017 1435 1099 1514 regis
1114 1431 1287 1496 Hebraeam
1301 1430 1442 1512 linguam

278 1535 393 1600 Graeco
409 1553 551 1598 sermone
567 1536 762 1618 interpretati
779 1536 905 1602 Graecis
920 1533 1033 1598 litteris
1049 1534 1225 1616 ediderunt,
1240 1536 1334 1600 sicuti
1348 1539 1382 1598 et
1392 1535 1440 1598 la·

276 1645 362 1702 ctum
376 1643 433 1700 est.
457 1637 596 1720 Cumque
610 1639 802 1722 suscepisset
816 1658 869 1702 eos
880 1637 1077 1702 Ptolemaeus
1093 1657 1147 1700 ren
1158 1637 1303 1720 Aegypti,
1317 1641 1440 1708 tentare

276 1740 383 1804 volens
398 1741 426 1803 si
440 1746 525 1803 esset
539 1759 646 1803 eorum
662 1739 769 1804 divina
783 1742 938 1824 scriptura
951 1761 1045 1823 quam
1056 1739 1203 1823 legebant
1212 1739 1331 1820 Iudaei,
1345 1759 1440 1824 sepa-

275 1846 368 1906 ratim
394 1851 574 1926 quemquem
601 1844 694 1906 iussit
719 1841 839 1908 includi
865 1845 899 1906 in
923 1841 1101 1908 cubiculum
1125 1841 1309 1924 nullumque
1331 1841 1440 1906 videre

274 1945 371 2009 alium
385 1947 447 2008 nisi
462 1943 552 2010 16εοΙο
568 1951 697 2030 excepto
713 1955 769 2009 eo¹¹
785 1947 838 2028 qui
852 1947 1057 2030 interpretem
1072 1948 1233 2030 exciperet
1248 1944 1440 2020 dictantem

276 2050 475 2130 omniumque
497 2049 653 2131 accipiens
673 2053 784 2132 postea
802 2049 1093 2133 interpretationem
1114 2047 1251 2132 quotidie
1273 2069 1345 2113 oum
1361 2069 1439 2112 con-

275 2153 463 2215 sentientem
477 2152 511 2213 in
526 2170 621 2214 unum
637 2152 793 2216 inveniret
807 2150 978 2216 editionem
994 2154 1148 2232 omnium,
1168 2154 1261 2216 iussit
1282 2151 1440 2216 conscribi

274 2261 368 2338 atque
382 2255 456 2338 poni
471 2255 504 2318 in
519 2252 705 2338 templum0,
726 2259 761 2318 ut
774 2255 973 2321 venientibus
994 2253 1032 2320 dc
1048 2253 1200 2335 Achaiae,
1221 2251 1291 2317 ¹²de
1307 2247 1440 2318 Graecia

274 2362 367 2440 atque
382 2355 452 2420 aliis
466 2357 636 2441 provinciis
650 2355 854 2440 philosophis,
868 2360 971 2441 politis
987 2364 1019 2420 at
1032 2335 1289 2443 historiographis
1307 2359 1439 2442 cupien-

273 2459 359 2525 tibus
374 2458 497 2542 legendi
513 2461 602 2544 copia
615 2479 679 2524 non
694 2465 868 2542 negaretur.
891 2459 982 2526 Unde
998 2466 1030 2524 et
1040 2462 1175 2526 maxime
1187 2465 1371 2546 argumenta
1382 2479 1438 2525 su-

344 2611 382 2664 13.
400 2611 493 2663 dextra
508 2611 633 2682 laevaque
647 2612 683 2666 A.
737 2611 776 2664 14.
790 2611 935 2666 contrariae
949 2617 976 2664 et
993 2629 1045 2666 non
1057 2613 1150 2684 planae
1165 2613 1239 2680 (avt.
1292 2610 1439 2674 raonis.

273 2681 410 2802 gibs'qlum
421 2685 586 2752 exceptorem
597 2681 632 2732 Δ.
686 2679 726 2733 17.
738 2678 770 2733 de
781 2677 890 2734 Graecia
901 2699 980 2736 amc.
1004 2681 1056 2734 Pro
1069 2683 1218 2750 glossensote
1235 2684 1299 2733 emm
1318 2683 1440 2750 capam

299 2769 316 2802 a
358 2767 421 2803 caua

307 2870 325 2923 l.
344 2868 393 2921 sub
409 2867 557 2922 Ptolemaeo
597 2867 776 2939 Philadelpho,
796 2869 829 2922 de
879 2867 928 2924 sis:
949 2867 1341 2934 „Netarominscribendocom
1375 2869 1439 2922 ndia

273 2954 325 3057 qno
340 2937 454 2990 Aristeas
475 2937 552 3006 (Epip
587 2937 630 2990 nio
647 2937 676 2991 Τ.
690 2937 713 2991 2.
730 2951 756 3007 p.
771 2937 827 2992 166.
879 2937 1021 3007 attigeras
1038 2937 1124 2999 varias
1141 2938 1321 3018 verbenarum
1349 2937 1438 2990 titudi-

302 3005 420 3086 prordtpc)
437 3012 515 3124 ²29ss
532 3021 565 3058 ex
583 3021 614 3059 ec
629 3005 754 3076 Iosephus
769 3005 828 3061 ΧΠ.
878 3021 939 3086 pem
952 3005 1196 3078 comprehendentes
1213 3006 1288 3086 brevi
1300 3011 1438 3086 maecutus

272 3073 297 3128 2.
311 3073 400 3126 etahr.
435 3077 491 3153 (.·)
879 3079 1215 3156 m'exceptorumunumero
1232 3073 1365 3154 dodrantes
1382 3091 1437 3126 enr-

272 3141 829 3292 ...tttttltttttttttrtltth
878 3144 1438 3282 lttitilllttttttsagittata:

187 3302 189 3316 ·
271 3278 443 3331 Alexandriae
452 3285 606 3342 versaretur,
615 3279 642 3331 in
651 3279 737 3332 vicma
745 3277 827 3334 Pharo
879 3279 974 3334 ctare.'‘
1002 3279 1035 3332 Et
1053 3281 1082 3332 V.
1095 3279 1125 3332 B.
1142 3279 1249 3332 Antonii
1260 3278 1381 3334 monachi
1392 3277 1437 3332 Li·

271 3347 364 3412 insula,
376 3351 520 3400 monstrata
530 3347 582 3400 sibi
592 3351 703 3399 testatur
713 3347 829 3401 lustinus
878 3349 1002 3402 cinensis:
1022 3347 1183 3412 „Constantii
1194 3347 1316 3401 antistitis
1328 3363 1360 3399 aa
1370 3353 1437 3399 tem·

271 3415 371 3484 hiartyr
378 3414 511 3469 Cohortat:
518 3415 551 3468 ad
558 3415 672 3468 Graecos
679 3433 703 3484 p.
713 3417 762 3480 14.
774 3433 828 3468 ms·
879 3423 978 3486 pestate
989 3414 1168 3470 florentissimi
1182 3417 1285 3469 iunctus
1302 3416 1437 3484 obsequiis

270 3485 437 3536 minitetiam
450 3483 571 3536 irenaeus
584 3484 626 3538 Ill.
641 3484 681 3535 25.
708 3483 827 3538 Clemens
897 3485 999 3538 loriosis
1012 3485 1131 3566 operibus
1148 3485 1217 3536 ritas
1234 3483 1381 3538 rudimenta
1392 3484 1437 3536 da·

142 3607 146 3618 ,
270 3553 346 3606 Alex.
361 3553 382 3605 1.
400 3551 495 3604 Strom.
506 3553 528 3606 l.
537 3569 563 3621 p.
572 3551 759 3620 342..Cyrillus
768 3553 827 3605 Hie-
879 3499 982 3618 dicavit,
994 3569 1040 3622 qur
1051 3553 1186 3606 eumintar
1195 3553 1436 3606 ecclesiasticosex·

159 3633 162 3636 “
270 3619 347 3674 rosel.
359 3621 403 3674 alil
423 3635 455 3672 us
468 3637 577 3690 quornm
589 3621 647 3672 loca
658 3621 740 3684 affert,
752 3620 827 3672 labn-
877 3628 994 3690 captores
1011 3623 1149 3674 caelestem
1165 3622 1283 3674 militiam
1299 3621 1378 3674 iussit
1394 3637 1436 3672 or-

270 3689 375 3758 lamque
390 3637 486 3740 Hleron
505 3705 548 3739 mo
569 3689 648 3740 etiarn
696 3690 764 3741 idem
781 3705 826 3740 ex·
877 3689 949 3742 diri.''
977 3689 1129 3760 Exceptoris
1145 3687 1259 3746 officium
1275 3695 1437 3742 memoratur

289 3759 372 3808 lesam
384 3757 468 3810 reiicit
502 3755 634 3808 umfredus
671 3757 826 3826 adpinlau·
876 3758 1084 3826 iuldartyrolog.
1097 3757 1218 3810 tadu.
1252 3756 1395 3826 (casae.)

271 3773 331 3878 dato
344 3841 421 3906 opere
433 3841 459 3894 p.
476 3823 530 3876 138.
544 3841 598 3893 seq.
634 3825 690 3889 (F.)
911 3827 1056 3948 ozptqqqin
1072 3774 1220 3946 1811111111Ἶί
1231 3825 1389 3896 Serapeum,
1407 3825 1435 3878 in

270 3961 408 4026 editiones,
425 3967 452 4012 at
462 3961 489 4013 in
501 3961 550 4014 Ms.
564 3959 714 4013 corbeiensi
727 3965 778 4013 aiei
788 3981 827 4014 so·
877 3911 947 4015 lllbe
960 3963 1009 4016 sub
1021 3893 1436 4042 dldssalleaebdlsglhdbadulgddla

270 4033 320 4082 tum
333 4038 487 4110 exceptorem
498 4035 553 4098 qui,
570 4029 640 4098 qnod
650 4029 761 4084 fortasse
773 4047 826 4083 ms·
877 4031 1288 4084 voluminnmnulliasioradimus
1419 4049 1435 4084 o

269 4099 328 4152 lius.
347 4097 459 4162 Quinam
470 4103 560 4152 essent
568 4104 719 4168 exceptores
729 4098 784 4151 dixi
795 4099 826 4150 ad
877 4099 1029 4152 Marcellino
1040 4100 1085 4154 lib.
1095 4098 1181 4152 XXII.
1192 4115 1248 4170 cap.
1259 4098 1298 4154 16.
1317 4097 1367 4152 Ubi
1374 4099 1435 4152 ride

271 4165 446 4218 Gaudentium
457 4166 495 4219 ed.
507 4166 595 4220 Patar.
606 4183 666 4237 pag.
676 4165 699 4218 7.
719 4165 828 4220 Glossae
878 4167 976 4220 Valesli
991 4174 1067 4220 notas
1087 4175 1113 4220 et
1127 4167 1246 4237 Lipsium
1260 4167 1435 4237 syntagmate

270 4235 356 4288 Vetar.
372 4235 494 4302 Magistri
510 4235 593 4290 leonis
610 4235 643 4288 ad
659 4235 828 4290 Prudentiura
879 4235 1089 4290 deBibliotbecis
1102 4253 1123 4289 o.
1136 4237 1160 4290 2.
1194 4235 1252 4301 (F.)

270 4301 406 4356 Weitziill
451 4320 477 4355 n.
491 4303 530 4354 14.
541 4319 565 4356 r.
578 4304 635 4358 709.
647 4305 674 4356 in
686 4304 828 4357 voceScri·
911 4321 937 4374 p.
957 4305 987 4358 de
999 4303 1109 4374 Achaia]
1130 4304 1230 4357 Priores
1242 4304 1380 4358 editiones:
1401 4305 1435 4357 de

271 4371 318 4450 toa·
331 4388 357 4440 p.
370 4319 636 4440 aalln„uxcaptores,
653 4373 698 4440 qui
708 4373 778 4425 dicta
789 4373 828 4424 iu·
878 4373 993 4437 Astraia,
1006 4376 1037 4426 de
1051 4375 1172 4427 Graecia.
1202 4373 1254 4427 Sed
1265 4374 1434 4444 perspicuum

270 4437 333 4490 diors
346 4445 422 4490 atres
442 4439 828 4509 onsarnartyrisexcipiebant”
878 4459 935 4496 asse
956 4448 1018 4512 puto
1038 4441 1118 4498 verba
1137 4445 1168 4495 dc
1186 4441 1435 4497 Graeciohocloco

271 4505 404 4562 Emodus
433 4504 827 4577 animaduertendum·
877 4525 936 4566 esse
946 4512 1085 4581 glossema.
1119 4509 1177 4575 (P.)

304 3911 330 3945 n.
348 3895 399 3946 ursi
415 3893 472 3945 solo
485 3899 594 3962 excepto
607 3892 649 3961 eo]
676 3892 718 3944 Sic
730 3891 828 3948 habeut
