3100 4980
270 293 331 359 366

270 446 365 500 doloris
383 447 409 498 in
426 445 547 516 passione
560 443 691 500 Christum
709 445 822 498 sensisse
839 444 967 498 adfirmat
990 445 1103 498 Hilarius
1120 443 1152 496 ile
1164 443 1191 496 S.
1202 443 1330 496 ‘l'rinitate
1340 442 1394 496 lib.
1406 441 1444 495 X.

269 533 295 584 p.
312 515 366 568 150.
397 514 477 567 Homo
494 515 566 566 lesus
579 515 693 567 Christus
710 517 852 582 uniyenitua
870 517 931 566 cleas
942 531 992 583 psr
1005 531 1107 565 carerem
1125 513 1271 575 eternium,
1286 523 1315 563 ut
1325 511 1446 564 ioasi'isis

264 585 343 652 filius,
356 587 394 635 ita
407 593 431 635 et
443 585 573 652 dcifiii'us,
591 583 712 634 hominem
728 601 813 634 oerum
830 585 964 634 secundum
976 584 1163 634 similitationem
1175 585 1254 633 nostri
1264 581 1376 632 aomina
1390 597 1445 632 aaa

270 653 387 720 deficiens
400 654 520 714 asedec,
533 656 650 720 sumpsit:
663 655 690 702 ia
702 671 747 720 pso
760 657 874 720 quamuis
887 661 933 703 out
943 655 1009 703 ictas
1020 653 1155 712 incideret,
1174 659 1220 701 aut
1229 651 1317 700 uulnus
1330 650 1446 700 descen·

271 721 346 782 deret,
360 722 470 772 autiioiii'
482 731 668 782 coricus-recent,
681 729 725 772 aut
733 723 861 788 suspensio
875 721 992 781 elevaret,
1003 721 1126 788 afferrent
1135 720 1232 788 quidem
1242 717 1446 787 haecimpetiiia

265 793 403 857 passionis,
416 807 464 840 nan
477 799 559 840 tamen
572 790 680 840 dolorem
688 791 821 858 passionis
832 791 969 856 inferrent:
982 798 1010 840 ut
1021 789 1093 839 telum
1104 787 1209 858 aliquod
1217 797 1261 838 aut
1269 803 1360 854 aquam
1372 803 1445 854 per·

263 861 366 924 forans,
380 867 426 909 aut
435 861 518 925 iynem
531 868 703 926 coinpiinp'ena,
718 867 763 908 aut
774 859 839 908 aira
852 858 995 908 sumemus.
1028 856 1117 906 Omnes
1132 857 1229 924 quidem
1242 855 1289 905 iias
1295 857 1447 923 passiones

269 935 379 977 naturae
391 943 453 977 suae
465 929 549 993 insert,
562 935 589 977 iit
595 929 719 994 perforet,
732 935 758 978 ut
770 935 932 994 conspicuous,
950 936 974 976 cr
984 925 1107 986 vulneret,
1125 925 1171 976 sed
1187 933 1303 976 staturum
1319 939 1398 974 suain
1414 926 1445 972 ἐκ

270 993 334 1045 haec
342 999 433 1062 passio
445 995 521 1045 iliata
534 1012 582 1045 uon
593 997 697 1056 retinet,·
716 995 773 1045 ilum
791 997 817 1044 iii
833 1003 929 1044 natura
942 1011 989 1044 non
1002 1003 1038 1044 cst
1049 994 1089 1044 cel
1101 996 1291 1062 aquamsurom',
1304 991 1446 1060 selpunpi

269 1065 359 1129 ipnem,
372 1063 413 1114 eei
424 1063 489 1113 iic'ra
502 1063 647 1124 uulnerari,
660 1065 773 1131 quamuis
785 1071 880 1114 nouira
893 1063 936 1114 icti·
947 1066 982 1113 sit
992 1063 1127 1112 uulnerare
1136 1071 1159 1112 et
1171 1077 1344 1129 comparuere,
1356 1064 1444 1126 etso-

269 1148 339 1182 rore.
357 1129 453 1182 Passus
465 1133 563 1198 quirisia
576 1132 689 1182 dominus
701 1131 774 1181 Iesus
787 1129 902 1181 Christus
914 1132 971 1182 dum
984 1131 1109 1192 caeditur,
1123 1130 1180 1182 dum
1192 1129 1357 1198 suspenditur,
1370 1125 1442 1178 'dun

270 1199 442 1267 crucifipitur,
461 1201 517 1250 ilum
530 1202 647 1262 moritur,
664 1201 710 1250 sed
720 1204 747 1251 in
760 1217 851 1268 corpus
863 1203 963 1250 irruens
971 1202 1074 1268 passio,
1092 1213 1136 1248 nec
1154 1201 1373 1266 nonfuitpaasio:
1389 1211 1443 1246 iaec

270 1277 352 1318 tumen
362 1277 480 1320 namium
489 1272 621 1336 passionis
632 1271 756 1330 exercuit,
775 1269 833 1318 dum
845 1275 870 1319 et
876 1269 981 1336 poenali
992 1269 1130 1318 ministerio
1143 1267 1190 1318 ilio
1203 1268 1325 1328 desuerit,
1341 1273 1367 1316 et
1380 1271 1443 1315 vi'r-

270 1343 309 1386 tris
321 1340 436 1404 corporis
447 1340 501 1387 sinc
513 1354 584 1387 sensu
594 1353 679 1404 poena
696 1341 744 1387 rim
771 1355 857 1386 'ostiae
875 1341 900 1386 in
917 1354 944 1386 se
961 1337 1128 1386 iiesaeiii'euti's
1140 1339 1245 1402 excepit.
1273 1331 1442 1386 Claudianus

268 1403 388 1456 Mamert.
401 1403 514 1473 episcop.
527 1404 558 1455 de
571 1409 640 1455 statii
653 1355 811 1456 animeeiib.
820 1403 852 1455 ll.
864 1419 920 1473 cap.
932 1403 967 1456 X.
984 1403 1075 1455 Petrus
1088 1402 1249 1455 Lombsrdns
1261 1401 1344 1470 episoo
1364 1399 1443 1464 ‚Pa-

268 1471 385 1525 risiensis
398 1477 508 1524 sentent.
526 1472 571 1524 lib.
580 1471 623 1524 III.
639 1473 751 1524 distinct.
765 1471 846 1526 XVII.
871 1470 1015 1541 Cyprianus
1033 1487 1136 1540 quoque
1153 1471 1179 1522 in
1197 1471 1240 1523 lib.
1258 1470 1289 1521 de
1301 1417 1442 1522 idoliirum

269 1541 383 1594 uanitate
394 1540 440 1594 iol.
454 1540 512 1592 uui,
530 1540 561 1592 de
577 1545 660 1592 morte
673 1539 767 1593 Christi
784 1541 947 1593 incommode
964 1541 1091 1608 loquitur,
1106 1545 1133 1592 et
1149 1544 1224 1591 caute
1241 1537 1362 1608 legendus
1378 1545 1440 1591 est:

268 1607 454 1678 Prophetarum
467 1609 568 1678 (inquit)
580 1613 687 1661 cinisium
703 1611 866 1661 testimonium
882 1614 921 1661 sio
939 1619 998 1661 ante
1024 1617 1338 1728 iraeeesscruthipiortere
1354 1605 1441 1660 cuii-

269 1688 332 1730 atum
344 1683 417 1746 pati,
431 1695 479 1728 non
491 1687 518 1729 ut
528 1682 632 1730 sentiret
643 1687 743 1730 mortem
755 1679 801 1730 sed
811 1688 839 1730 ut
849 1681 968 1732 uinceret.
1020 1677 1078 1746 agis
1089 1677 1185 1730 rectius
1244 1681 1312 1745 gent
1324 1675 1441 1728 ad'I'ra·

268 1743 418 1798 mundum
429 1745 529 1814 Regem
540 1745 584 1798 lib.
590 1745 614 1798 3.
624 1746 669 1800 fol.
678 1745 719 1798 54.
737 1746 909 1816 impassibilia
918 1748 985 1809 deus,
998 1763 1082 1796 ueram
1091 1750 1235 1814 passionem
1245 1749 1271 1796 iu
1280 1763 1341 1796 uero
1351 1761 1442 1797 carme

268 1817 353 1877 sensit,
367 1821 392 1867 et
402 1814 448 1868 iol.
458 1813 499 1868 61.
529 1814 664 1866 Passiones
682 1825 706 1866 et
721 1817 880 1883 infirmitates
891 1816 1051 1866 uoluntarias
1062 1816 1160 1884 quidem
1172 1815 1218 1865 seii
1229 1829 1302 1864 ueras
1314 1811 1441 1865 cursem

269 1882 370 1946 lolia-it,-
416 1887 443 1934 ia
456 1887 545 1934 carnis
556 1883 682 1934 leonianae
694 1893 813 1935 viaturam
825 1901 872 1934 non
885 1889 912 1934 in
916 1883 1074 1952 phantasia,
1092 1884 1139 1935 sed
1153 1886 1180 1933 i'ii
1192 1887 1300 1934 ueritate
1311 1887 1439 1950 suscepit.

320 1901 434 2021 sipili.
448 1979 480 1989 -—
493 1949 526 2004 Ut
538 1950 680 2003 muniatis
691 1951 794 2004 initium
806 1950 884 2005 hoino
896 1951 1026 2005 nascendo
1039 1951 1177 2022 acceperit]
1198 1950 1280 2004 Autor
1291 1949 1322 2002 de
1333 1948 1386 2004 lide
1402 1949 1441 2003 aa

267 2018 373 2073 Petrum
384 2035 440 2090 esp.
449 2019 473 2072 i.
486 2019 555 2088 apud
566 2020 705 2090 Augustis.
715 2027 778 2074 toni.
788 2019 812 2073 3.

318 2088 454 2154 Artemon]
472 2087 569 2140 Purum
580 2087 724 2153 hominem,
742 2089 768 2140 iil
785 2093 825 2140 est
841 2089 887 2141 abs
907 2105 940 2140 ne
956 2087 1004 2141 deo
1022 2089 1178 2142 saltatorem
1189 2088 1270 2140 luisse
1286 2085 1440 2141 confirmat

268 2155 397 2209 Eusebius
410 2157 500 2209 eccles.
512 2155 603 2209 histor.
619 2157 663 2210 lib.
673 2157 703 2210 V.
720 2173 776 2227 cap.
785 2157 862 2210 XXV
900 2197 906 2209 .
924 2158 951 2212 iu
964 2159 1066 2238 apolog.
1079 2173 1126 2227 pro
1139 2157 1244 2226 Origine
1256 2156 1300 2208 iol.
1310 2154 1368 2207 486.
1386 2155 1440 2210 Ni-

269 2223 371 2295 cephor.
385 2224 482 2278 Callist.
495 2225 539 2277 lib.
548 2224 591 2278 IV.
609 2242 639 2277 oa
659 2225 748 2279 uxi.
765 2225 918 2278 Theodorei
937 2225 998 2294 Gyri
1009 2243 1121 2306 episcop.
1138 2225 1219 2278 iabnl.
1235 2223 1331 2280 haeret.
1348 2223 1394 2276 lib.
1409 2224 1438 2277 2.

268 2293 397 2346 Manuelis
414 2293 478 2364 Imp.
489 2293 598 2363 Legatio
615 2243 796 2346 aihrmenios
809 2311 834 2364 p.
847 2293 902 2346 181.
926 2295 1088 2374 Augustinus
1105 2293 1137 2346 de
1152 2292 1251 2348 haeres.
1269 2309 1325 2362 cap.
1338 2291 1437 2347 xniv.

269 2361 302 2415 Et
313 2360 528 2484 happppplefim
546 2361 663 2416 doctrina
680 2362 850 2433 Carpocratis.
867 2363 1018 2418 Tertulhan.
1035 2363 1186 2434 praescript.
1198 2362 1322 2416 adsersus
1333 2359 1437 2415 haeret

268 2445 299 2482 ca
319 2471 325 2482 .
446 2470 452 2484 .

299 2447 441 2566 pBerillus]
459 2499 599 2570 Peregrina
611 2499 738 2570 quaedam
750 2505 776 2552 et
787 2499 872 2553 aliena
884 2515 900 2552 a
911 2501 1019 2553 tentate
1031 2500 1124 2553 docere
1136 2500 1233 2570 coepit,
1250 2515 1369 2552 asserem
1385 2499 1438 2553 do·

267 2567 370 2621 mium
386 2573 413 2620 et
424 2569 580 2621 salvatorem
594 2575 726 2632 nostrum,
744 2585 829 2639 neque
845 2570 963 2622 extitisse
980 2575 1040 2622 ante
1056 2570 1140 2622 earnm
1152 2568 1329 2633 nativitatem,
1345 2583 1437 2637 nequa

267 2634 815 2776 lietuhtituttttutttltu
828 2635 1436 2777 {illuminetutututttutu
1541 2655 1542 2662 ‘

267 2789 298 2826 ea
317 2771 430 2827 .XXIV.

298 2791 468 2909 pilumnus]
484 2842 580 2896 Pomm
592 2847 694 2896 tantum
705 2841 839 2896 hominem
854 2859 976 2914 praesum
995 2844 1029 2897 sit
1045 2842 1129 2898 ilicem
1144 2843 1279 2896 dommum
1291 2841 1435 2896 Christum.

267 2910 382 2965 Historia
392 2911 531 2982 Tripertita
543 2913 586 2965 lib.
595 2911 639 2966 III.
652 2929 706 2982 cap.
717 2911 762 2966 lx.
785 2911 946 2982 Nicephorus
962 2861 1006 2967 ni.
1016 2911 1045 2966 V.
1059 2929 1114 2982 cap.
1123 2911 1210 2966 XXII.
1232 2911 1332 2964 hierius
1344 2911 1435 2963 Victo-

268 2979 341 3032 rinus
354 2979 477 3032 adrersus
489 2980 593 3034 Arrium
603 2981 648 3034 lib.
658 2977 676 3034 l.
689 2981 735 3035 iol.
746 2980 803 3033 294.
822 2981 942 3034 Socrates
955 2983 1047 3036 eccles.
1061 2980 1150 3034 histor.
1167 2979 1213 3034 lib.
1226 2980 1248 3032 1.
1266 2995 1297 3032 ca
1316 2977 1434 3032 univ.

269 3047 429 3101 Soiomenus
441 3048 486 3102 lib.
497 3048 528 3101 Il.
541 3065 597 3120 cap.
607 3048 708 3102 XXXI.
725 3049 839 3102 Basilius
850 3049 965 3118 Magnus
982 3049 1014 3101 sd
1026 3048 1190 3102 Eustathium
1202 3049 1276 3118 epist
1308 3045 1433 3100 XXVIII.

319 3116 352 3168 Et
363 3116 426 3168 deus
444 3123 470 3168 et
486 3115 564 3170 homo
583 3133 617 3170 ex
632 3117 732 3188 uirgine
748 3119 839 3184 natus]
855 3117 994 3188 Angustia.
1012 3125 1074 3170 tom.
1084 3117 1119 3171 X.
1136 3134 1211 3170 serm.
1225 3117 1245 3169 1.
1259 3116 1290 3169 de
1302 3121 1433 3186 assumpt.

268 3183 367 3238 Mariae
378 3185 423 3237 iol.
434 3183 492 3240 880.
524 3185 640 3238 Christus
651 3204 681 3237 er
692 3191 867 3239 sacratissimo
885 3205 991 3258 corpore
1002 3187 1108 3238 Mariae
1124 3205 1227 3238 caruem
1243 3190 1391 3255 assumpsit,
1409 3195 1435 3236 et

269 3255 382 3306 diuinum
395 3263 513 3306 naturam
525 3254 650 3306 humanae
662 3258 754 3317 uuiiit,
768 3273 815 3306 non
827 3259 943 3308 amittens
954 3258 1020 3326 quod
1030 3265 1098 3318 erat,
1110 3257 1156 3308 ssd
1167 3271 1294 3307 marimens
1306 3255 1374 3324 quod
1383 3271 1434 3305 aas

268 3333 337 3374 erut:
349 3332 377 3375 iit
387 3323 486 3374 serlum
499 3341 569 3385 coro,
582 3323 629 3376 lieo
642 3333 678 3375 est
689 3326 749 3375 deus
761 3323 831 3376 homo
837 3326 919 3392 fieret.

319 3390 381 3462 Cap.
394 3390 437 3445 iv,
452 3422 484 3431 -
495 3389 565 3444 Nihil
577 3398 692 3444 creatum
704 3397 730 3444 et
741 3392 856 3445 serviens
868 3392 895 3444 in
907 3392 1022 3446 trinitate
1034 3391 1201 3462 credendum]
1223 3390 1329 3445 Nicetes
1340 3391 1370 3444 in
1380 3388 1433 3443 lla·

268 3459 349 3514 aiens.
362 3459 393 3512 de
405 3459 432 3512 S.
446 3461 573 3532 baptismo
586 3459 631 3514 iol.
645 3459 703 3512 881.
721 3460 962 3514 nummismais
974 3479 1072 3514 semum
1083 3473 1121 3514 est
1132 3471 1178 3513 aut
1188 3471 1314 3523 creonam,
1327 3471 1374 3512 aut
1385 3461 1434 3512 aii-

254 3531 414 3584 ,oeiiticiuini
426 3537 509 3597 utpote
516 3533 592 3598 priris
604 3547 760 3598 nequaquam
768 3533 882 3594 emesena,
896 3531 986 3583 duride
996 3539 1078 3583 autem
1087 3533 1231 3584 oduein'ens.
1250 3529 1292 3581 Ne
1326 3533 1434 3598 cipitur

269 3598 392 3665 autfiii'us
399 3600 476 3666 patri
487 3598 567 3665 desiuit
578 3616 685 3666 unpiiam
698 3608 744 3649 out
747 3599 805 3666 filio
817 3601 923 3668 spiritus
934 3607 1048 3661 sanctas,
1061 3617 1146 3650 cerum
1158 3549 1325 3650 immutohiii
1334 3615 1434 3680 semper

269 3675 343 3733 atque
356 3653 533 3718 aliernati'oni's
544 3683 635 3734 expe-rs
646 3675 683 3717 eet
693 3676 787 3717 sancta
799 3669 910 3718 tristitae.
940 3665 1051 3735 Cyrlllus
1063 3672 1125 3720 toni.
1138 3665 1162 3722 i.
1173 3666 1218 3718 lib.
1239 3663 1314 3726 Quod
1325 3684 1338 3716 a
1361 3669 1434 3717 'rima

267 3743 372 3784 sancus
384 3734 444 3784 deus
455 3737 495 3795 sii,
508 3744 532 3786 ei
542 3751 591 3785 non
603 3744 733 3786 creatura.
752 3733 893 3802 Gregorius
905 3732 1115 3789 Neocaesariens.
1128 3735 1215 3806 episco
1235 3773 1241 3784 .
1254 3749 1270 3787 e
1288 3733 1324 3786 ud
1356 3733 1432 3788 nseh.

268 3801 312 3854 lib.
325 3799 380 3854 VII.
393 3801 484 3855 eccles.
498 3799 588 3854 histor.
600 3817 657 3872 cap.
667 3801 752 3854 XXV.
781 3802 965 3883 Harmenopul.
983 3803 1015 3855 de
1032 3803 1108 3856 sectis
1120 3818 1181 3874 pag.
1229 3803 1253 3855 9.
1270 3751 1433 3856 hthanasiua

268 3874 330 3922 tom.
344 3870 365 3921 l.
375 3869 406 3922 ad
420 3869 484 3923 Sera
502 3869 597 3924 ionem.
610 3870 651 3922 Au
702 3871 749 3923 tin.
761 3869 794 3923 sil
805 3869 971 3924 Boniiacium
983 3887 997 3924 e
1016 3872 1057 3924 ist.
1067 3871 1096 3924 L.
1105 3871 1137 3924 de
1146 3869 1245 3924 haeres.
1258 3887 1280 3926 c.
1290 3869 1345 3923 LII.
1356 3869 1433 3923 Nice·

267 3935 453 4018 phomCalllst
465 3885 510 3990 lii.
520 3935 567 3990 XI.
574 3954 604 3990 cs
624 3978 629 3991 .
685 3937 717 3992 Il.
734 3939 858 3992 Rabaniis
871 3939 979 3994 Maurus
990 3889 1022 3991 ile
1035 3939 1357 4010 sermon.propiietlib.4.
1367 3937 1433 3994 ax.

318 4003 459 4074 Dionysius
470 4007 530 4059 lons
542 3955 621 4074 Arriii
639 4007 713 4059 Hunc
725 4007 879 4076 Dionysium
890 4007 956 4060 ialso
969 4007 1123 4061 Arrianimi
1138 4008 1333 4073 insimulatum,
1350 4007 1377 4060 lo

268 4073 383 4127 cranone
396 4073 556 4127 demonstrat
567 4073 725 4128 Athanasius
742 4081 805 4128 tom.
815 4073 834 4128 1.
851 4073 897 4129 iol.
908 4075 966 4129 428.
984 4081 1010 4127 et
1026 4093 1054 4128 se
1073 4081 1143 4130 nent.
1161 4075 1284 4128 Ruifinns
1301 4075 1333 4129 ile
1350 4021 1434 4129 effi:

267 4141 354 4196 libror.
374 4141 494 4211 origenis
507 4143 576 4214 apud
587 4143 737 4224 Hieronpm.
754 4149 818 4197 lom.
830 4141 877 4220 IX.
889 4143 934 4198 fol.
950 4143 1004 4198 153.
1015 4093 1073 4200 Vidq.
1087 4144 1183 4198 Caesar
1194 4143 1324 4198 Batonius
1336 4143 1433 4200 sunu.

267 4211 359 4265 eccles.
373 4215 435 4264 tom.
446 4209 469 4265 2.
482 4210 515 4262 sil
526 4227 586 4264 ann.
596 4209 691 4264 Christi
703 4209 837 4265 CCLXIII.
849 4211 894 4266 iol.
905 4211 963 4267 CCC.

317 4277 388 4331 Nihil
399 4279 535 4348 inaequale
547 4281 646 4350 gratiae
659 4285 687 4333 ut
698 4279 799 4348 Aitius]
818 4279 980 4351 Opinabetur
990 4281 1080 4336 itidem
1093 4281 1232 4346 isthmius,
1244 4281 1392 4346 conditum,
1404 4287 1433 4334 st

268 4361 302 4398 ex
314 4363 367 4400 non
379 4348 563 4412 existentibus,
581 4353 608 4400 at
625 4365 659 4401 ue
674 4349 733 4401 inae
752 4349 839 4402 nalem
873 4349 922 4402 atii
938 4349 1022 4404 fillum
1039 4367 1104 4404 esse.
1133 4349 1293 4422 Nicephorus
1306 4349 1432 4404 Callistus

268 4413 531 4535 {apppmihiipppricap
645 4415 665 4471 l.
680 4417 725 4470 lib.
775 4433 854 4488 ,cap
904 4417 1047 4473 .Basilius
1058 4419 1173 4490 Magnus
1190 4425 1281 4474 conus
1296 4419 1430 4502 apologet

320 4545 390 4602 Nihil
400 4550 537 4620 inaequale
548 4557 578 4606 ut
588 4553 645 4607 vult
654 4551 811 4622 suniarii]
827 4553 986 4612 Dissimilem
1002 4572 1049 4628 per
1066 4557 1154 4613 omnia
1168 4557 1237 4628 patri
1249 4571 1367 4612 essermn
1380 4555 1431 4610 su·
