3112 4986
562 355 563 358 Ἴ
602 307 811 350 crumpamus
1222 309 1284 374 239

118 465 261 530 ostendit
274 464 353 531 dens
368 467 458 548 signa
476 468 644 550 virtutum,
666 466 779 550 quibus
802 487 836 530 se
858 463 960 531 sclurn
981 463 1075 530 deum
1096 462 1284 530 ostenderet

117 567 372 653 Adquiescentes
386 570 512 636 veritati
523 571 651 655 recepit,
666 569 972 636 dissentientesvaro
983 572 1112 633 aeterna
1122 566 1284 634 abomina-

117 672 208 736 tiene
222 673 354 758 punivit.

185 775 293 842 Prirna
308 781 339 841 et
352 779 503 842 vicesima
516 775 655 842 haeresis
670 775 860 840 aMarcione
875 780 943 840 orta
957 781 1015 840 est.
1048 774 1117 842 Duc
1131 775 1287 861 principia
1304 787 1356 840 css
1368 785 1424 828 ¹¹1·

121 879 221 944 luisse
238 881 402 946 confirmat
415 879 490 945 boui
504 885 537 942 et
549 878 634 943 mali.
663 879 763 956 Quem
776 879 969 964 Epiphanius
985 881 1045 948 tria
1060 877 1185 944 dicebat
1198 878 1286 962 prin·

122 981 208 1067 cipia
222 982 377 1064 docuisse,
392 983 479 1064 boni,
492 983 578 1064 iusti,
594 987 626 1046 et
639 983 742 1068 pravi:
759 982 814 1046 sed
828 981 982 1048 Eusebius
998 980 1171 1066 ¹Synerum
1186 999 1285 1065 quen-

123 1083 209 1167 dam,
223 1105 287 1151 non
301 1086 508 1167 Marcionem,
523 1087 619 1150 trium
634 1085 858 1170 principiorum
872 1091 967 1169 atque
982 1088 1164 1149 naturarum
1178 1083 1287 1149 scribit

121 1193 292 1254 auctorem.
326 1185 562 1270 2Marcionitae,
582 1208 654 1252 oum
668 1188 878 1252 universalem
893 1187 1023 1253 orientis
1038 1186 1205 1253 ecclesiam
1218 1207 1285 1252 ma-

122 1289 275 1374 cularent,
290 1291 329 1356 ab
346 1291 478 1374 Origene
494 1290 642 1376 superati,
657 1291 808 1356 oonffltati
823 1298 856 1355 et
868 1311 925 1378 per
939 1290 1077 1374 singulas
1092 1297 1167 1355 sunt
1176 1292 1286 1356 civita·

121 1399 173 1458 te's
189 1393 339 1460 damuati.
368 1393 448 1460 Item
462 1399 536 1480 post
548 1393 726 1478 aliquantos
740 1414 840 1458 annos
855 1397 919 1458 iam
934 1394 1049 1459 devicti
1063 1399 1157 1478 atque
1172 1393 1289 1458 demoti

121 1499 157 1560 in
172 1497 330 1562 Africanis
343 1497 485 1582 partibus
504 1497 716 1582 pullulabant3
739 1516 817 1581 quos
832 1497 1043 1563 Tertullianus
1063 1496 1169 1562 modis
1186 1498 1287 1562 omni·

122 1599 183 1664 bus
197 1603 243 1664 ita
257 1600 404 1684 obtinuit,
418 1607 454 1666 ut
468 1602 553 1686 ipsos
568 1600 686 1666 faceret
700 1607 809 1667 contra
824 1607 942 1666 sectam
957 1621 1046 1668 suam
1056 1599 1181 1687 publice
1196 1619 1287 1686 prae-

123 1702 239 1768 dicare.

187 1807 346 1872 vicesima
360 1807 499 1873 secunda
512 1806 652 1872 haeresis
666 1807 876 1894 Apellitarum
896 1813 960 1890 est,
980 1826 1112 1892 quorum
1132 1812 1181 1872 est
1198 1808 1287 1893 prin·
1305 1817 1356 1871 ctr-
1370 1817 1437 1860 ΠΗ·

123 1931 200 1996 ceps
213 1909 358 1996 Apellea,
378 1911 432 1996 qui
452 1909 531 1976 duos
551 1911 678 1995 quidem
693 1910 864 1976 introducit
878 1910 970 1994 deos,
990 1911 1158 1976 sedunum
1172 1910 1289 1976 latetur

120 2014 330 2100 principium,
344 2013 403 2080 hcc
419 2019 468 2078 est
483 2013 633 2096 ¹bonum,
651 2019 683 2078 et
696 2013 736 2078 ab
751 2016 820 2099 ipso
836 2013 954 2078 factum
968 2011 1115 2096 alterurn,
1135 2013 1169 2078 id
1185 2019 1234 2077 est
1247 2011 1287 2078 ab

121 2117 193 2202 ipso
207 2135 270 2181 unc
285 2117 440 2202 principio
456 2116 589 2180 alterum
603 2117 722 2182 sactum
737 2123 795 2181 est.
829 2116 919 2195 Quod
934 2137 1006 2182 curn
1018 2117 1192 2200 malignum
1206 2121 1290 2180 esset

122 2221 303 2300 inventum,
323 2241 343 2284 a
361 2219 443 2284 bono
463 2219 622 2284 abiectum
642 2225 705 2298 est3
728 2219 891 2285 abiectum.
905 2239 978 2285 vero
998 2241 1018 2283 a
1037 2219 1119 2285 benc
1134 2221 1288 2306 principio

121 2321 185 2387 hoc
198 2322 403 2407 principium,
424 2322 506 2407 quod
521 2322 752 2405 malignabatur
766 2329 875 2388 contra
895 2323 969 2389 boni
983 2325 1130 2408 principii
1144 2323 1287 2389 volunta·

123 2431 198 2508 tem,
212 2427 246 2489 in
262 2445 318 2489 sua
337 2425 531 2508 malignitate
551 2425 706 2490 mundum
724 2425 809 2490 lecit.
846 2425 924 2490 Inde
945 2432 994 2492 est
1013 2426 1096 2510 quod
1115 2424 1156 2490 ad
1169 2426 1289 2492 malum

123 2547 181 2593 nos
196 2530 404 2613 promptiores
420 2549 514 2614 quam
528 2529 568 2594 ad
582 2529 701 2594 bonum
715 2536 827 2593 natura
842 2531 1052 2614 consequitur,
1068 2535 1100 2594 et
1108 2529 1180 2614 plus
1195 2532 1229 2595 in
1240 2530 1288 2595 vi·

121 2632 188 2712 tiis,
203 2632 321 2714 inquit,
337 2649 431 2716 quam
444 2631 479 2696 in
493 2631 663 2697 virtutibus
680 2631 862 2698 delectatur.
897 2632 1067 2698 Dominum
1081 2635 1224 2698 nostrum
1238 2631 1287 2697 le·

125 2753 197 2798 sum
212 2732 372 2800 Christum
387 2735 538 2800 adserunt
553 2757 679 2801 carnem
691 2757 729 2800 ex
740 2735 905 2800 elementis
917 2735 1104 2820 suscepisse,
1119 2755 1213 2820 quam
1224 2737 1288 2801 aiiri

120 2836 262 2902 reddidit
277 2837 352 2902 dum
367 2839 560 2921 ascenderet,
576 2844 608 2902 et
623 2841 689 2902 sine
706 2859 743 2902 ea
757 2841 886 2902 intravit
900 2841 933 2903 in
949 2837 1078 2903 caelum.
1101 2838 1167 2904 Hos
1179 2837 1287 2922 Orige-

121 2959 179 3005 nes
194 2939 240 3004 ita
254 2942 390 3025 perlecta
406 2945 576 3028 superavit,
590 2948 627 3004 ut
641 2961 748 3007 eorum
763 2961 858 3006 causa
868 2941 1064 3028 periodeutes
1076 2942 1175 3023 tieret,
1190 2947 1222 3006 et
1232 2961 1289 3028 per

121 3041 263 3126 singulas
280 3063 419 3129 quasque
438 3045 532 3110 urbes
553 3067 609 3130 per
632 3047 785 3110 orientem
804 3043 906 3110 eundo
920 3044 1125 3131 praedicaret.
1161 3045 1201 3109 Et
1215 3047 1289 3130 qnia

119 3145 365 3212 innumerabilia
385 3155 458 3212 suut
477 3153 681 3212 tractatorum
701 3151 768 3212 eius
788 3147 962 3229 volumina,
982 3149 1131 3213 haeretici
1151 3148 1288 3233 superati

119 3250 219 3315 libros
240 3252 308 3314 eius
328 3250 368 3314 ad
388 3271 461 3314 suos
483 3250 590 3315 libitus
611 3251 815 3316 callidissima
834 3255 1103 3332 argumentatione
1117 3257 1289 3332 mutarunt,

120 3359 156 3416 ut
169 3373 249 3437 quos
265 3352 382 3418 vellent
397 3353 542 3439 decipere
559 3354 701 3420 dicerent
720 3357 765 3417 ita
776 3353 946 3436 'Origenem
960 3357 1026 3418 suis
1041 3353 1288 3440 expositionibus

121 3443 283 3520 definisse.
305 3455 398 3521 Unde
411 3459 599 3542 quicumque
611 3477 710 3542 usque
722 3455 815 3522 hodie
827 3457 995 3539 Origenem
1006 3457 1092 3540 legit,
1103 3460 1131 3523 si
1141 3458 1289 3544 prudenti

120 3577 194 3624 erun
209 3560 298 3623 novit
312 3561 497 3624 recitatione
513 3559 722 3643 distinguere,
743 3559 949 3646 deprehendit
969 3559 1038 3625 loca
1059 3560 1099 3626 ab
1121 3561 1288 3626 haereticis

121 3661 287 3726 maculata.
318 3662 407 3739 Quod
423 3665 468 3726 ita
481 3683 552 3728 esse
568 3669 696 3728 sanctus
711 3662 912 3747 ²Pamphilus
927 3669 1046 3746 martyr
1060 3665 1094 3728 in
1109 3683 1165 3728 suo
1180 3664 1287 3749 apolo-

120 3766 221 3844 getico
237 3764 415 3830 declaravit.
1272 3799 1274 3804 ·

183 3867 343 3932 Vicesima
357 3871 450 3934 tertia
463 3871 604 3934 haeresis
619 3869 884 3935 cerdonianorum
898 3891 918 3933 a
932 3869 1072 3935 Cerdone
1093 3870 1179 3956 cepit
1197 3889 1287 3934 exor-
1308 3892 1360 3946 οι».
1373 3893 1451 3934 rrnr.

121 3969 224 4052 dium,
242 3973 297 4054 qui
316 3969 377 4036 duo
397 3975 553 4058 principia
572 3973 633 4038 sibi
653 3973 853 4039 adversantia
872 3973 1109 4056 dogmatizavit,
1134 3973 1287 4058 deumque

171 4131 234 4202 Cap.
245 4129 322 4185 XXI.
335 4159 367 4170 -
382 4132 403 4184 l.
417 4129 548 4199 Syuerum
560 4133 615 4186 MS.
629 4135 710 4202 Aug„
723 4143 751 4186 ot
762 4145 786 4186 et
796 4137 868 4254 alma
878 4133 1022 4188 Eusebium.
1060 4133 1123 4186 Vide
1139 4139 1176 4186 ais
1194 4135 1287 4188 Corale-

121 4205 188 4252 rr'ma
199 4204 237 4252 ad
249 4199 354 4254 Corrstr't.
367 4201 483 4270 Apostcl.
497 4203 540 4254 lib.
560 4203 606 4264 VI,
620 4221 678 4272 cup.
692 4203 715 4256 8.
729 4212 778 4257 aot.
794 4203 806 4255 l
826 4243 841 4266 .‚
854 4213 878 4254 et
888 4203 1007 4254 Huctr'um
1024 4205 1052 4254 ἐπ
1067 4206 1134 4254 rrctr'a
1150 4206 1187 4255 ad
1202 4221 1287 4271 exege-

121 4273 175 4321 tica
189 4270 309 4338 (impensa
321 4278 377 4323 tom.
390 4271 431 4332 ΙΙ,
440 4289 478 4340 po
498 4271 539 4325 ,7.
543 4271 704 4389 Ᾰῦείἰεηά.)
723 4271 847 4339 Syrinum
863 4271 920 4324 MS.
931 4271 1014 4335 liena,
1031 4280 1056 4323 et
1066 4273 1122 4326 edd.
1134 4269 1210 4326 sirm.
1224 4273 1287 4324 Gol-

121 4339 191 4390 load.
244 4337 464 4393 numerosiores
504 4339 530 4392 S.
571 4359 611 4407 ag.

171 4405 209 4458 (la
230 4445 236 4457 .
247 4405 334 4460 XXII.
345 4437 378 4448 -·
392 4409 414 4460 l.
435 4407 520 4460 Verba
532 4407 639 4472 bonum,
651 4414 677 4462 bt
689 4407 722 4462 ab
734 4409 792 4477 ipsu
803 4408 902 4463 lactum
911 4409 1030 4474 alterum,
1041 4409 1068 4462 id
1077 4415 1117 4462 est
1126 4412 1219 4462 ambro
1231 4405 1290 4462 edat

122 4495 138 4526 a
152 4424 301 4527 Gallinaria.
354 4475 377 4528 2.
391 4475 573 4545 Apolopetr'cas
591 4477 763 4544 Oriqeur'crrus
779 4488 866 4530 sancto
883 4479 1019 4546 Pamphilo
1034 4483 1146 4545 mrrrlyri
1163 4484 1288 4532 amentur

122 4545 153 4594 ab
166 4552 272 4596 accurre
284 4552 332 4594 tam
346 4544 401 4606 tic,
420 4555 470 4596 tum
481 4549 555 4667 ιήόνα
567 4565 626 4668 cula
639 4546 682 4599 43.
708 4545 766 4607 Qua
780 4549 811 4597 de
822 4565 850 4597 re
866 4547 931 4598 aliti
946 4547 1153 4670 satagerimus,
1170 4551 1287 4600 nimirum

121 4617 147 4662 ia
158 4612 347 4678 Proieqomm's
358 4615 396 4666 od
407 4622 463 4668 torn.
478 4613 496 4667 Ι
524 4653 530 4668 .
543 4613 594 4666 Bu
606 4657 612 4669 .
624 4613 699 4668 Patr.
712 4633 771 4685 cap.
784 4615 808 4668 Ι.
821 4618 844 4681 §.
857 4615 881 4670 l.
891 4633 956 4684 pap.
969 4615 994 4670 4.
1013 4617 1020 4685 l
1050 4615 1152 4685 abund.)
