3120 4994
256 289 318 356 268
611 291 839 334 remorsurum
856 291 943 334 urana
955 291 1065 334 rmus.

255 465 329 511 men
344 449 472 532 accepit.
494 449 534 512 lli
549 447 733 514 electionem
746 449 897 514 bonorum
908 453 940 513 et
950 453 1178 516 recusationem
1189 449 1342 514 malornm
1353 449 1421 514 deo

257 549 443 614 decernente
457 549 620 633 definiunt,
635 573 697 618 uon
712 552 837 617 homine
848 551 898 618 vel
910 553 1056 618 studente
1071 555 1121 618 vel
1132 553 1325 638 neglegente.
1347 551 1420 617 No·

256 652 324 718 lunt
339 653 389 717 dei
403 655 472 718 iura
485 653 535 718 vel
550 655 589 720 ab
605 654 803 720 studentibus
825 655 973 721 custodiri
987 655 1039 720 vel
1060 679 1079 720 a
1093 656 1330 740 neglegentibus
1344 657 1421 719 vio·

255 755 321 821 lari.
342 756 475 839 Dicunt,
490 757 614 822 etiamsi
628 755 761 823 voluerit
775 757 891 824 bonurn
906 758 1008 822 facere
1024 761 1078 844 qui
1092 760 1133 824 ad
1147 759 1267 824 malum
1280 758 1420 844 praede-

255 862 389 926 stinatus
405 865 463 942 est,
479 859 519 924 ed
533 861 651 925 bonum
665 863 830 946 pervenire
845 883 911 926 nou
923 865 1046 947 poterit.
1076 863 1156 928 Nam
1172 864 1225 947 qui
1240 862 1282 926 ad
1297 861 1421 926 honum

255 962 504 1050 praedestinatus
520 969 578 1046 est,
594 965 719 1028 etiamsi
734 964 888 1048 neglegat,
903 964 943 1028 ad
957 965 1074 1030 bonnm
1085 965 1274 1051 perducetur
1284 967 1419 1029 invitus.

254 1065 371 1130 Dicunt
385 1065 583 1151 baptismatis
597 1067 715 1131 undam
730 1087 793 1132 non
808 1069 953 1132 universa
963 1073 1093 1154 peccata
1104 1067 1263 1133 mundare.
1285 1067 1419 1149 Dicunt,

254 1169 303 1234 Ita
317 1169 476 1234 antecedit
487 1171 587 1252 gratia
598 1169 732 1235 liberum
746 1170 918 1253 arbitrium,
932 1176 968 1234 ut
982 1178 1055 1236 ante
1071 1173 1205 1257 accipiat
1215 1170 1308 1235 homo
1320 1189 1421 1254 quam

255 1277 355 1358 petat,
373 1277 445 1336 ante
460 1274 602 1336 inueniat
617 1291 709 1358 quam
725 1279 868 1358 quaerat,
887 1279 959 1338 ante
975 1274 1004 1338 ei
1019 1276 1176 1360 aperiatur
1191 1295 1285 1358 quam
1299 1271 1418 1359 pulset.

254 1373 371 1440 Dicunt
384 1375 506 1439 nullum
521 1375 560 1439 ad
576 1375 691 1440 Christi
708 1375 803 1440 fidem
818 1375 965 1441 accedere
980 1379 1042 1441 nisi
1056 1379 1150 1441 suerit
1164 1381 1282 1462 epatre
1294 1381 1419 1440 tractus

255 1479 383 1558 invitus,
398 1477 476 1542 illud
490 1477 707 1560 adtendentes,
722 1477 839 1543 ¹Nemo
853 1481 936 1544 venit
950 1481 994 1544 cd
1005 1500 1062 1562 otc,
1076 1483 1142 1545 cisi
1152 1501 1242 1567 quern
1250 1489 1344 1565 pater
1355 1479 1418 1541 ad-

142 1631 148 1643 ,
255 1583 396 1646 traxerit.
419 1580 536 1645 Dicunt
551 1582 656 1646 omnio
670 1603 733 1646 non
747 1583 781 1646 in
796 1602 840 1664 re,
855 1582 911 1646 sed
926 1585 970 1646 ita
983 1584 1017 1646 in
1032 1603 1089 1668 spe
1103 1582 1181 1664 fieri,
1196 1588 1232 1646 nt
1242 1580 1326 1666 qnod
1338 1580 1421 1646 dicit

255 1683 424 1770 apostolus,
439 1681 536 1770 ’Spes
552 1707 632 1770 quae
646 1686 771 1748 videtur
784 1706 848 1748 non
863 1695 995 1770 catapan,
1011 1687 1106 1749 etiam
1116 1684 1175 1749 boc
1186 1685 1345 1768 mysteriis
1357 1682 1416 1748 ad·

254 1785 374 1873 plicent
388 1787 521 1869 dictum,
542 1792 573 1850 et
588 1787 709 1869 dicant,
723 1787 767 1852 Ea
782 1807 860 1871 quae
875 1789 1103 1873 percipiuntur,
1121 1787 1268 1851 videntur
1287 1785 1417 1870 quidem

255 1909 335 1972 esse,
350 1889 483 1954 sednon
498 1896 580 1954 sunt.
602 1890 729 1972 Dicunt,
743 1889 818 1956 Plus
833 1889 932 1954 obluit
946 1889 986 1955 ad
1001 1889 1178 1956 nocendum
1188 1889 1291 1954 Adam
1308 1889 1417 1972 generi

254 1994 330 2058 hum
341 2013 496 2078 uunquam
506 1991 647 2057 Christus
660 1995 692 2058 in
704 1991 927 2058 subveniendo.
941 1993 1140 2074 NamAdam,
1152 1993 1251 2072 aiunt,
1263 1991 1345 2076 quod
1356 2011 1415 2056 no·

256 2098 320 2161 cuit
334 2098 378 2159 ita
391 2101 513 2178 manet,
534 2101 569 2160 nt
583 2095 641 2161 hoo
658 2115 716 2160 neo
732 2097 835 2181 passio
851 2095 965 2160 Christi
986 2117 1044 2162 nec
1060 2097 1257 2182 baptismatis
1273 2095 1414 2159 sonctifi-

255 2201 335 2265 catio
351 2199 451 2284 possit
464 2199 593 2264 anferre.

317 2301 433 2366 Verum
449 2301 524 2386 quid
538 2321 642 2366 moras
653 2301 726 2384 tibi,
742 2299 873 2367 elector
889 2306 995 2366 sancte
1012 2308 1043 2366 et
1058 2301 1206 2383 studiose,
1221 2296 1413 2366 incutimus?

253 2403 383 2471 Librum
397 2425 504 2469 eorsum
518 2405 577 2469 tibi
591 2406 758 2488 integrum,
773 2407 855 2469 sicut
869 2410 918 2468 est
932 2405 1045 2488 editus,
1059 2407 1093 2470 in
1107 2407 1170 2469 isto
1183 2423 1311 2489 corpore
1322 2425 1413 2490 prae·

255 2513 425 2590 sentamus,
441 2509 529 2572 cuius
543 2505 676 2572 lectione
693 2527 861 2590 cognosces
877 2507 1074 2573 definitiones
1090 2509 1157 2572 eius
1176 2529 1196 2570 a
1209 2507 1413 2572 metatoribus

255 2610 432 2676 antichristi
446 2609 640 2676 adinventas.
664 2610 947 2694 Quotienscumque
962 2616 1067 2674 autem
1082 2615 1190 2676 contra
1204 2630 1257 2674 eos
1272 2612 1412 2695 suscepi·

254 2733 335 2797 mna,
350 2713 496 2778 dixerunt
510 2735 566 2778 nos
579 2733 617 2776 ex
628 2713 855 2778 haereticorum
866 2715 994 2797 argutiis
1007 2718 1116 2778 contra
1126 2733 1159 2776 se
1172 2731 1272 2795 agere.
1294 2712 1412 2777 Viden·

254 2823 303 2882 tes
318 2820 402 2882 enim
417 2837 451 2880 se
465 2819 510 2880 ita
525 2819 675 2902 superari,
689 2823 724 2880 ut
736 2819 892 2902 suspirare
904 2837 966 2882 non
978 2823 1117 2902 possent,
1132 2815 1212 2879 hanc
1226 2814 1412 2880 calumniam

255 2941 378 3006 semper
393 2917 554 2984 catholicis
569 2919 691 2984 nisibus
706 2921 903 3002 inrogarunt,
923 2924 959 2983 ut
973 2919 1048 2983 dum
1062 2921 1177 2983 timent
1191 2939 1225 2982 se
1240 2917 1412 2982 haereticos

255 3024 417 3104 infamari,
436 3025 469 3086 in
491 3021 614 3086 silentio
635 3017 775 3086 veritatis
797 3021 953 3106 loquelam
967 3028 1115 3086 artarent.
1151 3019 1266 3086 Eorum
1286 3041 1359 3104 ergo
1374 3019 1411 3085 ob

255 3145 383 3192 causam
403 3145 510 3190 omnes
532 3124 677 3188 haereses
696 3123 855 3189 aSimone
878 3131 1088 3190 memorantes
1109 3123 1271 3208 hucusque
1294 3123 1412 3189 detexi·

254 3251 336 3312 mus,
349 3235 385 3293 nt
398 3227 565 3314 probemus
580 3247 638 3290 nos
654 3226 712 3291 soli
727 3227 801 3292 fidei
816 3227 986 3294 catholicae
1002 3247 1071 3291 esse
1093 3226 1274 3291 concordes.
1310 3227 1411 3309 Roga-

255 3353 324 3400 mus
340 3338 381 3415 te,
397 3330 521 3396 domine
542 3335 630 3417 pater
650 3329 730 3394 caeli
745 3335 776 3394 et
790 3337 907 3412 terrae,
928 3332 980 3414 qui
1002 3351 1074 3394 cum
1093 3329 1156 3394 tilio
1176 3335 1229 3394 tuo
1251 3333 1284 3392 et
1303 3329 1413 3417 spiritu

256 3443 363 3502 sancto
378 3437 471 3498 nnins
485 3435 627 3499 veritatis
642 3433 765 3497 obtines
780 3435 989 3515 maiestatum,
1005 3435 1095 3496 unius
1107 3435 1280 3496 maiestatis
1292 3432 1413 3497 obtines

256 3540 419 3621 deitatem,
439 3539 532 3601 unius
542 3536 675 3602 deitatis
690 3535 812 3600 obtines
827 3538 1015 3617 trinitatem,
1035 3543 1071 3599 ut
1090 3555 1147 3601 nos
1162 3534 1292 3600 adiuves
1307 3541 1414 3600 contra

254 3639 725 3732 hostestuosltelatraotantes.
747 3637 893 3704 Habeant
901 3637 948 3702 illi
959 3644 1061 3703 castra
1073 3637 1177 3704 Goliae
1189 3641 1222 3702 in
1233 3637 1412 3724 Allophylo·

255 3767 324 3812 rum
345 3745 411 3809 acie
431 3745 609 3808 constituta.
630 3741 694 3806 Nos
709 3741 856 3823 Hebraei,
870 3743 958 3827 pueri
969 3743 1016 3804 tui
1027 3739 1129 3806 David
1140 3742 1344 3825 pastoforium
1359 3739 1411 3805 ad·

256 3855 416 3914 sumentes
428 3844 577 3931 delapide
588 3849 641 3910 tuo
653 3844 793 3928 angulari
804 3863 988 3930 pugnemus,
1003 3850 1038 3907 ut
1049 3842 1181 3907 tidenter
1193 3863 1264 3907 cum
1275 3843 1411 3928 apostolo

255 3957 308 4017 tuo
321 3951 425 4016 dicere
436 3948 605 4030 veleamus,
618 3946 705 4012 ⁴Deo
716 3957 823 4012 nostro
835 3949 968 4032 pectina,
984 3949 1042 4032 qai
1054 3945 1140 4010 dedit
1152 3943 1241 4009 ochis
1251 3949 1412 4011 victoriam

193 4100 195 4106 .
251 4077 313 4142 per
334 4055 493 4118 dominum
505 4061 647 4117 cosham
660 4049 764 4115 Iesum
781 4047 945 4114 Christum.
983 4049 1031 4114 Sit
1049 4069 1111 4134 pax
1126 4047 1270 4113 omnibus
1286 4048 1410 4114 catholi-

257 4159 319 4239 cis,
339 4161 371 4220 et
391 4175 463 4220 cum
482 4153 601 4238 angelis
622 4173 687 4218 una
707 4152 873 4218 nobiscum
890 4172 966 4218 voco
982 4151 1173 4233 exclament,
1196 4150 1410 4230 decantantes,

258 4259 363 4325 Gloria
375 4261 409 4322 in
424 4257 556 4322 excelsis
572 4256 645 4339 deo,
660 4262 692 4320 et
706 4259 739 4320 in
754 4260 837 4320 terra
851 4275 913 4340 pax
926 4253 1106 4320 hominibus
1122 4253 1221 4319 bonae
1235 4253 1409 4320 uoluntatis

279 4375 409 4432 Exstruit·
421 4391 499 4428 utun
512 4389 693 4429 CATRGOBIOUS
706 4389 763 4427 Sit!
776 4387 889 4427 BODlCU!
901 4389 959 4427 SIVE
972 4387 1127 4427 AGCUSATOR
1138 4386 1346 4426 uersantem
1357 4389 1387 4425 Ιῐ

655 4457 863 4498 carnoucoumt
875 4459 1019 4497 Dlfflllflolt.

325 4563 388 4632 Gap.
399 4561 454 4616 XO.
467 4591 500 4603 -
525 4563 547 4616 l.
563 4559 670 4615 Iobaun.
688 4561 731 4615 Vl.
743 4560 786 4615 tt.
839 4559 862 4613 2.
880 4560 956 4618 Rom.
974 4559 1041 4617 vm.
1054 4560 1095 4617 at.
1146 4559 1171 4616 3.
1188 4559 1345 4616 delatrantee
1360 4558 1408 4614 ild

259 4631 328 4700 Asty.
342 4629 416 4694 Quod
425 4647 511 4684 cerum
517 4639 589 4702 puto.
639 4629 664 4683 4.
675 4627 687 4683 Ι
699 4625 813 4685 Corinth.
825 4625 895 4682 XIII.
910 4627 949 4684 ll.
