3112 4986
513 251 850 316 namnassmocarass‘
1199 273 1257 340 201

94 434 158 500 bos
174 432 310 498 mtersis
324 437 416 516 atque
431 435 513 496 inter
528 451 561 494 se
576 429 716 496 advorsis
730 449 800 496 esse
815 429 994 516 principiis,
1009 428 1065 496 sed
1079 447 1176 494 unum
1191 449 1259 494 esse

94 539 306 622 principium,
327 535 419 600 deum
441 533 563 600 scilicet
577 535 709 615 bonum,
731 539 763 598 et
785 534 825 598 ab
845 533 898 598 illo
914 533 1030 597 iactum
1045 532 1192 615 alterum,
1208 535 1260 617 qui

95 661 173 704 cum
187 639 346 722 malignus
361 644 460 719 esset,
482 640 628 702 inventus
648 643 698 702 est
715 640 748 701 in
769 657 825 700 sua
840 636 991 702 mundum
1005 635 1199 718 malignitate
1214 636 1229 699 f
1245 669 1258 684 -

95 744 191 806 cisse.
230 741 320 806 Hunc
341 740 484 826 Apellam
504 741 613 806 dicunt
634 740 761 826 quidam
782 741 876 804 otiam
897 739 935 804 de
956 738 1078 804 Christo
1099 745 1164 804 tam
1183 738 1260 804 falsa

95 848 250 926 sensisse,
265 851 301 908 ut
315 844 433 908 diceret
445 865 518 910 enm
533 865 596 908 non
612 843 738 928 quidem
753 863 880 908 carnem
895 843 1093 929 ¹deposuisse
1109 841 1148 908 de
1165 841 1260 924 caelo,

95 949 154 1014 sed
171 969 210 1012 ex
227 948 389 1014 elementis
404 947 513 1012 mundi
528 949 697 1032 accepisse,
713 967 792 1031 quae
807 945 923 1012 mundo
939 944 1091 1028 reddidit,
1107 965 1178 1010 oum
1193 947 1261 1012 siue

97 1073 194 1118 carno
210 1071 376 1134 resurgens
391 1051 423 1114 in
440 1049 560 1116 caelum
575 1049 727 1116 ascendit.

161 1155 326 1219 Severiani
346 1154 493 1220 aSevero
509 1157 608 1220 exorti
623 1155 731 1218 vinum
745 1173 808 1218 non
824 1152 950 1234 bibunt,
971 1173 1007 1218 co
1022 1152 1106 1237 quod
1121 1150 1263 1217 sabulosa
1278 1181 1327 1236 a,
1339 1183 1414 1224 mv.

98 1261 239 1322 vanitate
256 1258 294 1325 do
310 1265 419 1322 satana
433 1265 465 1322 et
480 1265 562 1322 terra
576 1259 767 1342 germinasse
783 1263 924 1320 asserant
942 1259 1048 1322 vitem.
1085 1255 1187 1320 Etiam
1201 1255 1261 1341 ipsi

98 1383 162 1426 non
178 1381 290 1426 sanam
305 1361 480 1426 doctrinam
495 1381 584 1426 suam
599 1360 712 1444 quibus
732 1358 841 1424 volunt
855 1359 966 1424 inflant
979 1359 1159 1424 nominibus
1174 1361 1260 1444 prin-

99 1467 223 1550 cipum,
244 1466 347 1528 carnis
362 1467 620 1530 resurrectionem
636 1485 707 1528 oum
722 1469 827 1528 vetere
842 1467 1029 1528 testamento
1051 1463 1260 1549 ¹respuentes.

163 1567 290 1631 Tatiani
310 1589 329 1630 a
349 1567 479 1632 Tatianc
496 1566 630 1650 quodam
645 1568 791 1648 instituti,
807 1566 860 1649 qui
876 1573 907 1629 ct
920 1566 1098 1632 Encrctitae
1114 1564 1262 1651 appellati
1281 1594 1329 1646 oss.
1341 1595 1403 1634 xxv.

101 1677 191 1751 sunt,
214 1673 340 1755 nuptias
363 1669 527 1750 damnant,
555 1675 647 1754 atque
670 1669 795 1734 omnino
817 1689 908 1754 paros
929 1691 982 1734 eas
1004 1667 1262 1736 fornicationibus

101 1773 235 1857 aliisque
251 1774 500 1858 corruptionibus
515 1773 649 1854 iaciunt,
664 1793 722 1836 nac
738 1772 894 1857 recipiunt
908 1775 940 1836 in
956 1793 1082 1838 suorum
1097 1789 1262 1840 numerum

102 1879 246 1959 coniugio
262 1881 417 1958 utentem,
432 1879 497 1940 siue
513 1897 630 1940 marem
649 1878 715 1940 sivo
736 1875 893 1940 feminam.
925 1875 995 1940 Non
1010 1881 1180 1940 vescuntur
1193 1897 1260 1940 car-

102 1980 205 2062 nibus,
222 2000 337 2063 easque
353 2000 462 2044 omnes
477 1980 706 2045 abominantur.
728 1977 922 2042 Prolationes
938 1979 1088 2062 quasdam
1103 1978 1261 2044 fabulosas

102 2083 278 2148 seculorum
293 2085 388 2146 etiam
402 2085 463 2168 ipsi
478 2085 612 2168 sapiunt.
649 2080 748 2146 Saluti
767 2083 861 2166 primi
878 2081 1015 2146 hominis
1035 2081 1261 2150 contradicunt.

103 2185 294 2272 Epiphanius
309 2186 457 2250 Tatianos
478 2193 510 2249 et
523 2185 698 2250 Enoratitas
718 2188 762 2250 ita
777 2185 941 2268 discernit,
954 2191 997 2258 Ιιιι
1010 2185 1186 2252 Enoratitas
1201 2186 1262 2252 'la-

103 2291 177 2352 tiani
193 2288 410 2354 schismaticos
425 2287 536 2353 2dicat.

166 2390 379 2476 cataphryges
395 2399 468 2455 sunt
488 2413 619 2476 quorum
635 2395 777 2456 auctores
793 2391 919 2456 inerunt
932 2392 1099 2458 Montanus
1114 2399 1264 2477 tanquam
1282 2422 1332 2474 cap.
1346 2423 1417 2464 xxvi.

106 2495 273 2580 paraclitus
289 2499 321 2558 ct
336 2493 414 2559 duae
426 2496 638 2581 prophetissae
651 2496 760 2580 ipsius,
773 2495 882 2558 Prisca
892 2499 923 2560 et
934 2493 1114 2562 Maximilla.
1137 2498 1194 2562 llis
1206 2518 1262 2562 nc-

106 2617 175 2661 men
191 2599 353 2682 provincia
367 2597 500 2681 Phrygia
516 2597 618 2678 dedit,
638 2599 711 2682 quia
729 2597 773 2660 ibi
794 2600 965 2662 extiterunt
983 2599 1088 2682 ibique
1108 2601 1264 2682 vixerunt,

108 2706 137 2762 et
150 2702 331 2765 etiamnunc
348 2703 380 2765 in
396 2699 513 2766 eisdem
529 2700 669 2787 partibus
684 2700 814 2786 populos
830 2699 956 2764 habent.
978 2701 1158 2768 Adventum
1170 2703 1262 2788 spiri·

108 2809 153 2866 tus
168 2805 271 2868 sancti
286 2825 305 2868 a
320 2803 444 2870 dominc
461 2806 648 2890 promissum
664 2806 697 2868 in
713 2825 746 2868 se
762 2806 864 2888 potius
880 2823 974 2887 quam
994 2807 1026 2870 in
1047 2805 1196 2892 apostolis
1217 2809 1262 2871 eis

107 2904 198 2970 icisse
214 2913 360 2970 asserunt
370 2907 536 2972 redditum.
560 2905 720 2972 Secundus
732 2909 857 2992 nuptias
869 2929 924 2992 pro
937 2907 1194 2976 fornicationibus
1206 2909 1262 2979 ha·

109 3007 191 3090 bont,
213 3017 244 3072 et
269 3009 339 3074 ideo
361 3010 470 3074 dicunt
494 3031 546 3074 eas
566 3012 748 3096 permisisse
771 3009 1263 3097 1ιιροειοιιιιιιΡιιιιιιιιιιιιιιίιιιι

109 3119 190 3195 parte
206 3113 327 3178 sciebat
341 3119 374 3176 et
388 3134 426 3178 ex
440 3119 528 3198 parte
544 3113 764 3200 prophetabat;
785 3112 924 3178 nondum
939 3116 1023 3178 enim
1038 3123 1167 3182 uenerat
1182 3117 1264 3202 quod

170 3265 232 3335 Cap.
244 3263 342 3318 XXlll.
363 3295 392 3304 —
415 3265 435 3317 l.
452 3265 514 3318 Sota
531 3269 569 3320 ed.
583 3265 680 3318 Locros.
699 3265 805 3319 duxisse
822 3266 854 3318 de
872 3265 950 3320 coelo.
986 3265 1106 3338 (Benedt
1142 3267 1264 3322 Fortasse

109 3334 260 3384 rcribeudum
273 3343 310 3384 est
322 3333 506 3454 desumpsisse.

169 3401 230 3472 Cap.
244 3401 341 3454 XXIV.
356 3433 388 3442 -
432 3442 437 3452 .
455 3402 611 3484 Subtcapcat
627 3405 703 3456 edict.-
730 3403 777 3456 llic
793 3409 926 3475 praeterea
942 3401 1109 3458 Philumenen
1133 3407 1263 3476 quandam

109 3471 215 3536 puellam
226 3471 330 3523 dicebat
340 3469 492 3540 inspiratam
504 3471 626 3524 diuinitus
638 3471 670 3524 ad
683 3472 889 3553 praenuntianda
900 3471 999 3537 futura,
1017 3473 1050 3525 ad
1067 3491 1146 3544 quam
1162 3477 1264 3528 somnia

109 3543 178 3618 atque
192 3547 280 3592 aestus
297 3539 339 3592 sui
356 3540 437 3592 animi
452 3539 567 3592 referens
583 3541 785 3594 divinationibus
797 3557 843 3593 sen
872 3541 998 3610 rassagiis
1011 3539 1065 3596 sius
1078 3544 1197 3596 secretim
1209 3552 1264 3596 crat

110 3605 191 3659 sobius
209 3609 384 3676 praemoneri,
400 3609 490 3662 ecdem
509 3607 688 3678 phantasmate
706 3609 790 3662 sidem
806 3557 973 3662 Philhmenac
990 3611 1062 3680 pueri
1077 3610 1168 3666 habitu
1180 3629 1208 3664 se
1220 3613 1276 3666 de·

110 3681 275 3740 nronstrante,
293 3677 337 3744 qui
353 3693 416 3746 pner
432 3693 558 3747 apparens
571 3675 700 3731 Christum
712 3695 740 3731 se
753 3677 899 3748 aliquando,
917 3679 1056 3747 aliquando
1068 3695 1126 3732 esse
1138 3687 1264 3734 assereret

110 3739 222 3808 l'aclnm,
245 3761 262 3796 a
279 3761 330 3814 quo
348 3743 529 3815 phantasmate
546 3747 680 3799 sciscitans
697 3763 728 3800 ea
741 3748 833 3800 soleret
851 3747 1006 3826 respondere
1018 3763 1084 3817 quac
1097 3765 1124 3801 so
1136 3749 1263 3804 audienti·

112 3809 152 3862 bns
163 3813 267 3867 diceret.
298 3811 429 3866 Nonnulla
445 3831 548 3884 quoquc
565 3815 638 3870 illam
654 3816 779 3868 miracula
796 3831 897 3886 operari
908 3815 1024 3879 solitam,
1036 3817 1103 3869 inter
1121 3834 1187 3887 qnae
1199 3819 1262 3872 illud

111 3883 277 3950 praecipuum,
296 3881 364 3950 quod
379 3883 406 3934 in
423 3881 603 3951 angustissimi
619 3883 670 3936 oris
682 3884 822 3954 anrpullam
840 3883 949 3936 vitream
965 3899 1059 3953 panem
1077 3886 1203 3954 grandem
1214 3887 1262 3940 im·

111 3947 227 4026 mitteret,
243 3966 356 4029 eumque
373 3952 495 4004 extremis
512 3951 626 4020 digitulis
642 3953 727 4004 levare
750 3951 844 4004 soleret
864 3953 996 4018 illaesum,
1013 3969 1095 4022 eoque
1110 3956 1170 4008 'solo
1187 3957 1262 4025 quasi

34 4079 35 4084 Ἰ
112 4014 223 4070 divinitus
236 4017 287 4070 sibi
300 4017 357 4070 cubo
370 4019 429 4071 dato
447 4019 540 4072 inisset
552 4025 679 4071 contenta.
714 4021 794 4071 Abest
805 4022 833 4071 id
845 4029 919 4072 totum
932 4041 948 4072 a
960 4019 1041 4085 MSS,
1054 4025 1194 4092 pcodforte
1207 4043 1261 4078 cum

34 4095 35 4100 ’
113 4095 165 4135 eset
176 4107 192 4138 o
204 4091 322 4156 quopiam
334 4091 361 4138 ιἰι
373 4105 419 4138 oro
431 4089 498 4152 ttcrt,
512 4107 559 4138 aon
571 4090 601 4138 de
612 4087 711 4150 Socero,
723 4089 769 4139 sed
782 4089 812 4140 de
821 4087 913 4156 Apelle
922 4098 1075 4154 cunctotum,
1088 4091 1193 4144 librarii
1204 4091 1261 4144 tat-

35 4191 36 4194 ,
113 4151 242 4205 lustrantes
254 4159 322 4205 istuc
335 4157 524 4207 transtulerunt.
554 4156 594 4206 De
607 4155 696 4223 Apelle
708 4173 741 4206 oc
753 4158 862 4207 eicisdem
874 4156 1018 4210 Philumene
1034 4157 1204 4212 Tertullianus
1216 4162 1259 4217 tit.

36 4229 37 4264 ι
115 4217 147 4270 Dc
156 4222 279 4274 Praestri
298 4221 431 4274 allactet.
445 4241 503 4292 cop.
518 4224 543 4277 6.
556 4233 580 4276 et
589 4221 634 4275 30,
664 4221 783 4292 (Bened.)

36 4283 38 4344 l
170 4289 204 4342 Ga
225 4333 230 4344 .
299 4289 329 4342 V.
342 4321 374 4329 -
394 4291 415 4344 l.
428 4290 721 4360 Edits'sercata'lacio.
737 4291 789 4344 sect
800 4291 872 4347 MSS.
885 4293 1027 4358 aTatiano,
1041 4313 1086 4364 pcc
1099 4314 1152 4348 eam
1164 4301 1261 4351 nomiae

115 4307 326 4412 remeslaton'oi
337 4359 491 4444 appellant?
525 4359 644 4430 (Benedj
699 4359 725 4413 2.
743 4361 833 4426 ,Edttt
843 4361 937 4413 dicant.
965 4363 1057 4416 Mettus
1075 4366 1171 4434 aliquot
1186 4365 1259 4421 MSS.

116 4423 270 4564 lllmadllm
279 4430 316 4480 od
324 4427 506 4496 Epiphaniam,
521 4433 564 4495 pci
572 4427 725 4482 Eacratitos
734 4427 887 4499 ἀπόσπασμα
898 4429 1019 4484 Τατιανοῦ
1029 4435 1127 4486 ditatio
1135 4433 1258 4504 Epirotae.

144 4511 172 4548 en
206 4534 211 4545 .

173 4561 232 4634 cap.
245 4561 343 4618 xxva
356 4593 389 4604 -
415 4563 436 4616 1.
454 4563 593 4618 rosato.
606 4563 647 4630 ta,
663 4565 689 4620 a
