3120 4994
276 297 338 364 293
709 297 999 340 mono-munorum

275 459 383 520 umen
397 473 505 519 omnes
521 473 558 519 ee
570 455 731 521 voluntate
747 463 851 540 vooet,
870 462 905 521 ut
924 475 1032 521 omnes
1053 461 1223 541 sequentur
1242 455 1452 520 ¹vooentem.

278 555 341 622 Sed
355 577 413 622 neo
427 576 553 640 omnes,
574 561 627 642 qui
639 561 708 644 ipso
723 560 896 645 inspirante
912 559 1063 624 obediunt
1076 560 1247 639 uooetioni,
1268 556 1453 622 ²diountur
1552 587 1553 592 κ

277 663 418 746 eooipere
433 661 607 744 exequendi
620 664 654 726 in
668 661 749 727 bono
765 682 857 748 opere
871 665 1148 748 perseverentiam,
1163 661 1218 726 sed
1231 668 1307 746 post
1320 659 1451 726 multoe

276 763 398 828 labores
418 769 451 827 et
466 766 604 828 iustitiae
624 765 745 830 fruetus
765 769 792 830 si
813 787 876 830 non
896 771 971 829 sunt
990 765 1028 829 de
1050 764 1271 830 salvandorum
1292 783 1451 842 numero,

276 865 505 931 subtrahendas
518 869 565 931 eis
579 869 662 932 vires
677 868 799 951 egendi,
811 889 853 932 ne
868 867 1038 952 perdurent
1047 871 1084 960 in
1099 869 1191 948 bono,
1206 873 1266 930 ete
1280 866 1449 930 contrario

276 967 347 1033 ilios
360 971 415 1052 qui
431 969 655 1054 praedestinati
670 977 744 1034 sunt
758 971 798 1035 ed
812 973 910 1036 vitem
924 977 1095 1052 aeternam,
1111 973 1204 1034 etiem
1218 971 1292 1034 siin
1303 968 1451 1054 perfidio

276 1070 327 1136 vel
342 1072 375 1135 in
395 1074 480 1136 omni
499 1077 611 1155 genere
630 1076 751 1157 peoooti
770 1073 862 1156 longo
880 1079 1020 1160 tempore
1040 1073 1233 1153 volutentur,
1251 1077 1449 1157 eooepturos

276 1176 473 1240 ooooeionem
488 1195 548 1259 qne
560 1182 595 1239 et
609 1174 738 1240 eredunt
757 1178 791 1240 in
810 1175 905 1240 deum
925 1183 957 1240 et
975 1176 1149 1268 seeundum
1168 1175 1219 1238 dei
1234 1181 1448 1260 praeseptum

276 1279 395 1358 vivent,
410 1282 442 1341 et
455 1277 637 1363 possiderent
650 1281 833 1343 societatem
847 1281 1008 1343 iustorum.
1032 1279 1103 1343 Tali
1116 1277 1317 1342 ³definitione
1333 1277 1367 1342 id
1379 1276 1444 1340 do·

277 1400 348 1445 oere
367 1379 510 1462 student,
533 1365 615 1464 quod
635 1379 712 1447 dene
732 1402 880 1466 personas
901 1382 1070 1447 hominum
1082 1383 1230 1468 nooipiot,
1252 1379 1337 1464 quod
1357 1378 1443 1443 ulios

277 1485 373 1548 etiem
387 1482 503 1547 invitos
517 1489 589 1568 post
602 1483 701 1573 mulin
714 1484 798 1548 mele
812 1505 906 1570 opere
916 1485 1053 1548 attrahet
1064 1483 1104 1549 od
1116 1483 1259 1565 sulutem,
1273 1483 1353 1546 elios
1364 1487 1445 1567 post

279 1587 361 1652 boue
374 1587 505 1667 reiioiet,
520 1591 553 1649 et
567 1586 733 1670 compellet
744 1588 781 1650 in
795 1587 923 1668 melum,
937 1607 998 1670 quo
1014 1589 1190 1672 persentio
1205 1591 1381 1650 oeternum.

104 1699 154 1751 ctu
167 1699 260 1742 ¹¹11&
339 1688 517 1754 Nestorioni
531 1710 551 1752 e
563 1687 725 1752 Nestorio·
739 1689 1081 1774 Constantinopolitano
1097 1691 1241 1775 episeopo
1254 1689 1443 1772 nuncupati,

276 1793 331 1876 qui
351 1792 475 1855 boetem
494 1792 648 1874 virginem
666 1791 797 1856 Meriom
816 1813 879 1858 non
899 1791 965 1874 dei,
988 1791 1043 1856 sed
1062 1791 1197 1858 hominis
1219 1787 1440 1860 tantummodo

277 1894 440 1959 ¹asserunt
457 1895 655 1976 genitricem,
674 1899 710 1958 ut
729 1893 821 1958 nliem
842 1913 1008 1980 personam
1027 1897 1146 1974 earnis,
1166 1893 1261 1958 alium
1279 1891 1441 1956 2faosrent

278 1995 413 2062 deitatis.
449 1996 514 2061 Neo
534 2016 631 2060 unum
646 1995 805 2061 Christum
823 1999 857 2061 in
875 1998 971 2063 verbo
992 1997 1042 2062 dei
1056 2003 1089 2061 et
1104 2017 1197 2062 eume
1212 1995 1360 2075 eredidit,
1379 1992 1439 2058 sed
1550 2075 1551 2082 ἵ

278 2100 447 2184 separatim
466 2104 559 2182 etque
585 2101 750 2164 seiunctim
773 2098 906 2164 alterum
927 2098 1046 2185 ³Jiliom
1061 2101 1125 2180 dei,
1145 2101 1279 2163 aiterum
1297 2097 1438 2162 hominis

277 2201 478 2287 praedicavit.
500 2201 678 2268 Nestorieni
693 2202 801 2266 dicunt
816 2209 957 2268 sanctem
971 2204 1125 2285 virginem
1135 2200 1439 2266 heremannum

277 2306 421 2388 genuisse
436 2325 499 2370 non
514 2304 622 2386 doum,
641 2305 727 2370 uliud
746 2305 887 2370 volentes
906 2325 977 2370 esse
992 2305 1151 2370 Christum
1166 2325 1260 2388 quem
1275 2303 1384 2384 deum,
1404 2299 1439 2366 id

277 2413 326 2471 est
339 2406 492 2492 templum
503 2406 564 2490 dei,
578 2428 643 2473 nou
654 2410 757 2493 ipsum
768 2409 872 2491 deum,
887 2415 920 2472 et
931 2408 1059 2494 speciali
1071 2407 1122 2472 dei
1133 2409 1233 2490 gretie
1242 2409 1287 2470 ite
1298 2406 1339 2470 ab
1351 2406 1439 2471 omni

277 2515 405 2596 peeoeto
418 2513 590 2574 immunem
596 2515 764 2592 servotum,
775 2518 810 2574 ut
820 2512 1031 2594 diguueiuerit
1037 2513 1090 2595 qui
1101 2530 1262 2594 nunquam
1273 2508 1438 2572 deserere·

277 2619 330 2678 tur
340 2635 359 2678 a
370 2612 439 2695 deo,
450 2611 507 2678 sed
518 2633 639 2698 semper
648 2613 890 2680 inhabitatorem
898 2620 931 2678 et
938 2617 1168 2699 inoperetorem
1175 2611 1321 2676 hebuerit
1332 2611 1439 2690 deum,

246 2791 249 2802 p
279 2737 340 2800 que
360 2715 475 2780 fiducie
495 2721 623 2781 sanotae
645 2719 888 2781 conversationis
915 2717 1008 2781 deum
1034 2715 1195 2802 appellens
1221 2720 1345 2800 petrem
1369 2715 1439 2797 ipse

279 2839 399 2903 quoque
419 2819 477 2882 rite
497 2817 670 2906 appellatus
692 2821 733 2883 sit
752 2819 844 2884 filius.
884 2818 1089 2884 Adorendum
1109 2821 1203 2882 etiem
1223 2825 1255 2881 et
1270 2815 1440 2882 oolendum

279 2921 451 2986 decernunt
464 2927 500 2984 ut
514 2921 618 3004 deum,
631 2921 681 2985 vel
698 2943 769 2986 oum
784 2921 853 3004 deo,
868 2942 930 2986 non
946 2927 1051 2986 temen
1067 2941 1176 2986 verum
1192 2920 1301 3002 deum,
1317 2917 1374 2983 sed
1393 2920 1438 2982 si-

279 3028 332 3090 out
353 3028 488 3088 statuam
510 3025 592 3106 regis
615 3029 647 3087 et
668 3023 805 3108 legatum
826 3026 1037 3109 imperatoris,
1063 3031 1188 3090 utentes
1210 3043 1358 3110 perverso
1382 3041 1438 3086 suo

278 3147 373 3191 sensu
387 3125 519 3211 apostoli
535 3125 664 3208 dietum,
679 3127 762 3211 quod
776 3130 833 3190 eit:
848 3127 933 3192 Deus
949 3134 1015 3191 eret
1029 3129 1062 3191 in
1074 3126 1209 3208 Christo,
1223 3124 1377 3190 mundum
1388 3145 1439 3189 re-

279 3227 447 3294 oonoiiieus
463 3227 534 3292 sibi.
557 3228 637 3292 Hine
654 3235 702 3293 est
717 3229 799 3314 quod
814 3251 879 3295 non
891 3230 1023 3296 eredunt
1035 3229 1128 3294 deum
1139 3232 1172 3294 in
1184 3229 1310 3294 homino
1322 3228 1363 3294 ed
1373 3237 1438 3294 ⁴re-

278 3331 491 3417 demptionem
505 3329 633 3396 humani
647 3335 769 3414 generis
784 3331 834 3397 vel
849 3339 957 3398 netum
971 3333 1022 3396 vel
1037 3353 1180 3418 passum,
1200 3332 1289 3396 nefas
1305 3351 1375 3396 esse
1390 3331 1439 3396 di·

278 3440 384 3502 centes
400 3432 483 3498 oredi
503 3433 668 3498 mulierem
689 3437 876 3500 anteriorem
898 3457 931 3500 se
952 3435 1001 3500 vel
1021 3435 1106 3500 eliud
1127 3455 1221 3519 quem
1241 3455 1292 3518 se,
1311 3435 1371 3500 hoo
1392 3440 1442 3500 est

278 3537 362 3602 eliud
379 3557 472 3622 quam
486 3535 655 3620 hominem,
670 3539 825 3620 genuisse,
840 3545 894 3603 eut
908 3539 948 3603 eb
963 3537 1142 3604 hominibus
1157 3538 1250 3602 deum
1265 3537 1368 3604 occidi
1382 3559 1439 3624 po·

277 3642 387 3722 tuisse,
402 3639 458 3704 sed
472 3637 631 3706 hominem
645 3642 847 3706 innoeentem
863 3645 894 3706 et
905 3641 1121 3706 fidelissimum
1134 3641 1184 3705 dei
1194 3640 1334 3704 testandi
1346 3661 1441 3705 oense

279 3742 319 3808 ed
332 3740 518 3828 ,exemplum
536 3745 678 3825 martyrii
697 3743 832 3809 humano
854 3747 961 3827 generi
979 3743 1197 3824 tribuendum,
1222 3745 1291 3828 ipso
1313 3743 1439 3809 domino

279 3845 422 3911 tredento
437 3850 469 3908 et
482 3845 684 3930 permittente
700 3833 848 3912 occisum.
885 3844 976 3911 Unde
997 3851 1028 3911 et
1049 3846 1177 3911 ⁵merito
1193 3845 1294 3910 bonae
1309 3849 1394 3911 vitae
1410 3853 1441 3911 et

329 3979 390 4052 Cap.
400 3979 551 4037 XXXVHI.
563 4012 597 4022 -
611 3979 633 4036 l.
647 3997 737 4034 vocem
749 3981 813 4034 eius.
831 3979 883 4034 Sed
895 3983 977 4033 edidit
986 3979 1135 4034 Sir-mondus
1146 3985 1188 4044 (er
1201 3983 1300 4044 codiee,
1313 3983 1440 4050 suffultos,

278 4054 358 4103 veteri
374 4069 418 4103 roo.
430 4051 476 4103 Sti.
496 4049 606 4102 Victoru'e
618 4049 716 4118 Paris.)
733 4049 801 4104 Hier.
814 4049 1004 4102 Proedeetinnt.
1017 4067 1075 4120 cop.
1089 4050 1112 4102 6.
1169 4049 1193 4102 2.
1206 4049 1296 4102 dieunt
1313 4049 1440 4102 sirmond.
1484 4083 1490 4098 .

278 4117 303 4172 3.
317 4117 471 4172 diffinitione
484 4115 551 4170 Meo.

330 4185 391 4257 Cap.
403 4185 531 4240 XXXIX.
545 4217 578 4228 -
601 4187 622 4238 l.
635 4186 746 4239 asseruit
758 4187 853 4240 isidor.
915 4185 940 4241 2.
952 4186 1049 4239 fureret
1061 4187 1156 4241 Isidor.
1216 4185 1241 4240 3.
1259 4185 1344 4239 Verbo
1357 4187 1441 4240 filium

279 4253 328 4318 dei,
341 4255 451 4308 alterum
464 4255 851 4308 exciderootedleearde'h'tro.
868 4254 1191 4324 Suppleoieoexlsidoro.
1226 4256 1250 4308 4.
1263 4255 1440 4326 redemptione
1552 4283 1553 4290 κ

278 4322 346 4376 Meo.
398 4321 423 4376 5.
435 4323 526 4376 merito
539 4341 591 4391 eqo.
603 4323 724 4376 meritum
736 4323 804 4378 Meo.
816 4339 862 4393 per
873 4324 995 4376 meritum
1008 4325 1112 4376 Coteler.
1123 4327 1139 4376 Ι.
1150 4327 1167 4379 t.
1173 4343 1202 4394 p.
1213 4323 1271 4376 teo.

314 4441 350 4494 Ca
370 4482 376 4494 .
388 4441 516 4496 XXXIX.
527 4473 559 4482 -
569 4458 591 4494 e.
604 4441 751 4495 Nestoriani
760 4459 776 4494 e
784 4441 834 4495 Ne·
885 4442 955 4496 nodii
967 4449 1036 4508 sunt,
1048 4443 1093 4497 sed
1104 4443 1203 4508 Isidori,
1216 4443 1284 4514 opud
1296 4459 1376 4513 quem
1384 4445 1441 4514 ipsa
1540 4457 1544 4472 ·

280 4511 359 4590 sterio
381 4511 458 4592 'noso
474 4510 553 4562 verbe
570 4527 652 4598 usquo
669 4511 757 4562 odilla
770 4509 834 4576 ,Ne-
885 4511 1007 4580 leguntur
1020 4513 1110 4581 Origg.
1125 4512 1235 4578 V111.‚e‚
1248 4513 1288 4564 64.

281 4583 389 4630 etonem
397 4577 627 4632 doeuuteanotem'
637 4583 696 4633 cett.
707 4595 759 4632 nou
767 4577 834 4632 Geu-
