3122 4990
529 291 569 332 DE
582 289 759 334 uiuamus
771 289 864 334 uiuus,
1238 289 1278 358 '15

118 447 641 534 inferunturbomioibusquotidie.
665 445 1278 532 Cumergohaee¹¹dieuntur,quemotlo

119 552 196 618 diets
206 558 285 617 sunt
295 551 515 634 1²iguerantur.
539 554 623 630 Quae
636 553 720 616 enim
732 551 755 590 ¹³
761 557 909 637 putantur
925 551 1104 616 hominibus
1116 552 1150 614 iu
1162 549 1278 616 ueo'e'r·

118 657 197 720 tione
210 653 308 736 mete,
321 655 399 720 haee
414 655 596 720 eruditIonis
611 660 643 718 ot
657 653 800 720 utilitatis
815 661 889 720 suut
902 653 1006 740 plena,-
1021 674 1100 737 quae
1116 653 1279 718 hominum

119 757 259 824 voluntas
278 777 426 842 perversa
444 759 509 843 pati
528 763 681 840 meretur,
701 778 773 822 eum
793 757 878 820 dieat
892 755 1085 843 apestolus0,
1110 755 1280 841 Numquid

119 863 250 926 atarto
265 862 355 942 deus,
376 861 549 946 petiissent
567 863 761 926 dromonum
779 859 975 926 hominibus?
1002 859 1074 924 Non
1088 864 1194 924 tamen
1210 861 1279 924 sine

119 963 269 1028 uttiitatet³
288 969 321 1027 et
339 963 549 1030 emolumento
567 964 670 1028 tuturo
689 963 766 1028 haee
789 968 903 1028 cuneta
923 963 1060 1028 humano
1082 965 1189 1044 generi
1212 963 1279 1026 fieri

118 1069 346 1152 permittuntur.
367 1067 474 1132 Iustus
488 1068 574 1130 enirn
587 1069 622 1130 in
636 1066 836 1132 tribulatione
852 1065 1036 1132 sustinendo
1048 1063 1171 1129 fidelior
1183 1071 1215 1128 et
1230 1067 1277 1128 iu-

117 1172 188 1236 stior
200 1169 432 1254 eomprobatur,
443 1176 589 1254 peeoator
600 1175 705 1236 eutem
715 1176 769 1236 aut
779 1191 910 1255 peooore
923 1168 1070 1234 ¹⁵desinit
1081 1167 1276 1249 emendatus,

117 1279 164 1336 aut
178 1292 386 1357 perseverans
403 1271 441 1338 de
456 1271 573 1338 munde
589 1272 749 1354 ¹⁵tollitur,
764 1293 803 1336 ne
818 1276 852 1336 in
868 1293 994 1358 corpore
1008 1273 1196 1336 constitutus
1210 1291 1277 1334 am-

117 1375 193 1460 plius
210 1374 394 1458 delinquere
409 1374 562 1440 videatur.
595 1375 673 1460 Ergo
688 1382 743 1440 aut
758 1375 956 1457 emendatus,
976 1395 1048 1441 eum
1064 1380 1207 1460 superest
1222 1371 1278 1436 ad·
1297 1400 1300 1404 ·

117 1477 173 1542 hue
187 1479 223 1542 in
240 1497 384 1562 corpore,
404 1477 522 1542 bonum
541 1479 604 1542 iam
624 1499 701 1562 opus
717 1479 817 1542 faeere
833 1497 897 1542 non
914 1477 1101 1558 retardabit,
1120 1483 1174 1542 aut
1188 1497 1278 1540 mens

118 1580 315 1662 ¹⁷eoerceter,
330 1586 366 1644 ut
377 1579 501 1644 desinat
514 1585 683 1664 apeeoato,
698 1580 780 1666 quod
792 1583 837 1646 ait
847 1579 1041 1666 apostoliea,
1060 1576 1125 1658 Qut
1136 1590 1281 1664 moue

119 1694 167 1763 eet,
181 1683 373 1764 iustificatos
389 1694 432 1746 eet
447 1706 467 1745 a
476 1693 618 1768 peceato.
924 1761 926 1766 ι

175 1783 251 1848 Alia
264 1789 371 1848 autem
387 1789 435 1848 ost
449 1785 603 1866 haeresis,
624 1805 701 1868 quae
718 1785 794 1850 dicit
808 1785 959 1850 mundum
975 1805 1038 1850 non
1053 1785 1200 1866 materh,
1222 1783 1277 1848 sed
1296 1798 1346 1850 cnr·
1360 1799 1439 1838 bm-

117 1891 147 1950 in
162 1885 294 1952 ¹eodem
309 1893 393 1951 statu
408 1908 533 1973 semper
546 1908 689 1970 manere,
708 1890 803 1954 etiam
822 1895 893 1974 poet
912 1887 1031 1952 demini
1046 1889 1146 1952 nostri
1161 1886 1278 1952 Christi

118 1988 151 2053 de
166 1989 263 2054 caelis
278 1991 517 2074 praesentiamh
534 2011 605 2055 eum
620 1992 686 2076 ipse
703 1989 820 2072 dieat⁰‚
845 1989 958 2055 Omnia
973 1989 1153 2054 transibunt
1167 2001 1195 2054 et
1208 2013 1277 2054 me·

117 2091 295 2158 admouet
324 2093 392 2158 Heo
407 2099 512 2157 autem
527 2113 589 2158 non
605 2093 784 2176 intelligunt
797 2095 981 2158 mutationis
998 2115 1092 2157 eausa
1106 2093 1277 2158 elomento-

116 2217 181 2260 rum
197 2194 318 2260 diotnm
332 2195 428 2260 inisse
444 2217 464 2258 a
479 2195 621 2279 domino,
636 2201 670 2260 ut
684 2195 751 2260 lhis
766 2200 894 2262 mutetis
909 2217 990 2260 nova
1005 2201 1164 2260 ereatura⁶
1179 2197 1277 2260 reior-

116 2305 230 2380 motur,
251 2297 334 2381 quod
355 2303 386 2362 et
399 2295 501 2363 Dauid
521 2297 637 2364 deseth
662 2297 734 2384 Ipsi
751 2298 930 2384 ³peribunt,
951 2311 985 2364 te
1000 2310 1104 2364 aetem
1117 2301 1184 2384 epse
1199 2321 1230 2362 oo
1245 2300 1279 2364 io

117 2413 283 2468 aenaeam.
305 2399 345 2465 Et
360 2400 539 2466 dominuse:
565 2400 735 2467 Coelum'et
749 2412 835 2467 terra
850 2402 1043 2484 transibunt,
1063 2400 1280 2466 verberantem

181 2605 221 2658 li.
238 2605 360 2658 dicuntur
376 2604 444 2660 Bab.
458 2603 574 2658 dieantur
592 2606 625 2658 Α.
643 2606 765 2660 dieuntr.
819 2605 858 2657 l‘t.
875 2607 1030 2674 ignorante.
1089 2604 1127 2658 13.
1145 2609 1238 2724 putant
1256 2621 1278 2656 e.

117 2673 277 2754 imputantur
289 2673 324 2754 Α.
363 2673 415 2755 Ι14.
432 2673 562 2726 coertione
575 2691 597 2729 e.
610 2675 745 2728 coercione
758 2674 816 2754 Ba..
826 2674 980 2726 coercitione
996 2673 1031 2736 (A
1033 2675 1075 2740 )b.
1134 2673 1280 2726 l.desinit

118 2741 411 2929 dispulit-t
424 2741 1072 2903 stituit-itauitass⁸usshne
1087 2811 1108 2863 1.
1121 2811 1276 2863 eam.

118 2876 138 2930 t.
149 2877 197 2932 biis
237 2897 263 2930 α.
315 2879 340 2930 3.
353 2878 473 2948 peribunt
484 2879 568 2949 iuquit
579 2885 608 2934 tu
621 2880 655 2934 Α.

146 3083 171 3119 n.
188 3065 332 3135 eoirtioue]
350 3065 512 3120 coertionem
530 3068 584 3120 sire
600 3069 670 3121 cotr-
722 3069 787 3122 libro
806 3068 860 3138 nrpl
875 3065 1024 3138 ’Λφθαρσίας
1041 3069 1155 3138 hesper,
1206 3069 1279 3122 rinde

118 3135 226 3188 ctionem
244 3152 291 3206 pro
305 3135 460 3188 coercitione
477 3136 599 3188 dixermrt
610 3137 671 3190 honi
722 3136 1177 3207 uthnonymuschristianusapudP
1196 3139 1278 3192 etium
1365 3149 1372 3158 '

117 3203 265 3326 Pmffiffl’
273 3210 362 3324 datne
375 3209 512 3325 utrumppre
524 3206 671 3323 proppiseue
722 3205 832 3326 Cod36t.
841 3203 1146 3327 gerbartplrpellslowtpt
1155 3204 1278 3326 oblmis

117 3285 170 3394 ¹¹¹0.
192 3288 527 3424 ,philisthii
553 3277 671 3410 bilae.
722 3291 1111 3412 humiliabit
1136 3291 1228 3396 hlei.
1246 3315 1277 3396 n·

116 3405 272 3468 ιοςὸθεοςὸ
285 3407 404 3478 ἐπιφέρων
417 3406 517 3478 ὄργήν.”
552 3409 608 3474 (F.)
721 3359 878 3464 haeresibus
889 3411 958 3464 otu
967 3411 1027 3463 iilos
1036 3417 1113 3463 vocat
1145 3413 1276 3465 eternales.

146 3493 170 3546 p.
187 3476 246 3530 Non
255 3483 344 3529 tamen
353 3478 409 3529 sine
418 3479 538 3543 utilitate]
550 3477 670 3545 insignes
720 3479 817 3542 Auster
832 3479 1018 3532 Praedestinati
1038 3497 1059 3533 e.
1076 3479 1117 3534 67.
1136 3479 1277 3531 Salarama·

116 3545 241 3612 quadam
253 3546 377 3598 utilitates
390 3545 484 3598 diserte
502 3553 527 3598 et
538 3547 670 3614 eleganter
721 3565 772 3610 nos,
784 3563 800 3598 a
811 3549 898 3600 neseio
912 3564 963 3616 quo
975 3547 1109 3602 Sataunio.
1144 3547 1203 3611 (F)

115 3629 145 3664 ex
180 3615 221 3666 nit
232 3614 261 3667 S.
273 3613 400 3668 Iohannes
413 3613 612 3682 Chrysostomus
624 3613 669 3666 ho·
754 3615 779 3668 b.
797 3622 857 3684 post
868 3617 966 3668 domini
975 3617 1056 3669 nostri
1065 3615 1159 3668 Christi
1176 3615 1206 3668 de
1221 3631 1277 3667 eae·

114 3682 146 3732 nr‘
157 3683 183 3734 ia
192 3683 279 3752 prIma
290 3683 322 3734 ad
335 3681 518 3736 Antiochense.
550 3681 610 3800 phi)
720 3683 752 3735 lis
764 3683 1005 3764 praesentismihd
1017 3685 1140 3764 iudicium
1151 3683 1238 3763 intell'¹
1254 3701 1277 3746 e,

114 3749 669 3888 nttttttltttthffbirioth
720 3750 1277 3891 :tehtttthhhtthtttt't:

113 3893 216 3939 estnon
228 3903 272 3938 am
291 3887 341 3938 Iius
353 3893 451 3956 peceat.
486 3837 543 3950 (dl)
721 3897 826 3941 tuorem.
863 3889 918 3954 (F.)

143 3953 207 4024 Gap.
325 3970 406 4009 .-a.
416 3971 468 4007 non
480 3955 584 4024 mutari]
603 3955 668 4008 Cum
754 3975 775 4010 o.
794 3975 854 4010 cum
866 3959 922 4027 ipse
934 3958 1012 4024 dicat]
1025 3955 1116 4010 Matth.
1126 3955 1223 4010 XXIV.
1234 3955 1275 4010 35.

112 4023 199 4076 mitius
211 4023 310 4074 iudicet
320 4021 389 4074 inira
404 4023 435 4074 de
451 4023 554 4075 illorum
567 4031 668 4077 senten·
718 4025 800 4079 Mare.
811 4023 882 4078 XIII.
894 4025 935 4078 31.
948 4026 1009 4080 Lon.
1021 4025 1094 4078 XXI.
1107 4024 1148 4078 33.
1163 4021 1191 4090 „t
1202 4024 1276 4094 οὖρα-

112 4091 153 4154 tie,
166 4091 212 4160 qui
223 4090 352 4143 mundum
363 4091 505 4172 periturum
522 4099 548 4144 et
563 4093 590 4144 iu
602 4091 668 4145 nihi·
719 4092 759 4152 νὸς
783 4092 822 4144 καὶ
845 4092 860 4159 ἡ
882 4097 913 4164 γῆ
937 4092 1150 4163 παρελεύσονται.”
1177 4094 1276 4158 Omitto,

111 4158 163 4211 lum
184 4159 329 4212 rediturum
352 4159 402 4212 srbi
424 4160 590 4228 persuadent,
615 4161 668 4212 iam
718 4162 789 4212 coele
802 4163 1087 4214 etterraeontinentur.
1124 4161 1179 4225 (F.)

112 4225 261 4280 haeresibus
282 4236 437 4280 annumerat
456 4229 604 4296 opinionem
625 4245 668 4280 eo·
734 4228 759 4280 d.
769 4231 938 4282 mutabuntur
977 4227 1275 4299 ’hihapdooutar''llebr.

112 4311 180 4361 rum,
198 4296 245 4366 qui
261 4295 389 4348 mundum
405 4297 667 4350 aeternumiuturum
717 4295 737 4351 1.
752 4297 917 4351 marren.
947 4271 982 4350 ll.
995 4294 1036 4350 26.
1071 4298 1129 4363 (F.)

113 4360 158 4416 boe
172 4381 225 4434 que
237 4365 265 4416 in
271 4379 394 4433 praesens
404 4371 443 4418 est
452 4370 523 4418 stetu
532 4364 666 4429 docebant,
752 4381 774 4418 e.
784 4369 985 4433 noraoreatura]
995 4367 1100 4436 Apooah
1106 4367 1179 4421 m.
1189 4367 1209 4420 1.
1217 4367 1275 4432 (F.)

114 4447 170 4485 eum
190 4432 280 4486 Ocelle
299 4431 418 4498 Lucano,
438 4433 544 4486 Timaeo
565 4439 591 4485 et
610 4433 667 4486 aliis
751 4434 770 4488 i.
787 4433 869 4486 David
882 4435 965 4505 deest]
984 4435 1051 4490 Psal.
1064 4435 1116 4488 ΟΠ.
1129 4435 1169 4488 16.
1190 4435 1274 4500 ,αὐτοὶ

114 4499 272 4555 ethnicorum
288 4499 449 4570 philosophis
458 4507 552 4554 etcum
561 4499 668 4554 Philone
719 4501 875 4571 ἀπολοῦνται,
888 4504 918 4554 σὺ
931 4502 958 4556 δὲ
970 4503 1110 4572 διαμένεις.”
1144 4505 1201 4568 (F.)

30 4643 31 4650 ἵ
115 4565 217 4635 Iudaeo,
234 4569 280 4640 qui
295 4569 406 4624 mudena
422 4571 571 4640 opinionem
582 4576 668 4626 tuetur
752 4586 779 4641 g.
790 4569 823 4626 ut
831 4571 964 4641 dominus]
975 4571 1051 4629 Locis
1062 4572 1172 4628 uadetis
1181 4572 1277 4630 Metu.
