3120 4994
287 289 349 356 336
694 289 1041 334 susumuussemtassra

288 444 402 511 suendo
417 443 557 528 haberet,
573 451 606 511 et
620 452 704 512 esset
717 468 810 514 verus
826 447 904 514 deus
919 454 951 514 et
960 467 1053 514 verus
1064 447 1157 513 homo
1167 467 1249 513 unus
1264 446 1355 514 filim.
1379 445 1462 512 Non

288 569 359 633 orgo
376 549 453 616 duos
469 549 607 616 Christos
622 571 724 637 neque
740 551 817 618 duos
831 551 941 634 ⁴lilios,
957 551 1013 616 sed
1028 549 1122 616 deum
1136 557 1168 616 et
1178 549 1338 616 hominem
1350 569 1464 614 unum

287 651 395 717 lilium.
426 653 525 732 Quem
538 659 685 740 proptera
699 660 730 718 et
743 654 940 738 unigenitum
955 653 1105 736 dicimus,
1124 661 1304 720 manentem
1324 655 1357 718 in
1373 652 1462 718 dua·

286 755 345 822 bus
360 755 556 840 substantiis,
575 757 657 823 siout
670 759 699 822 ei
714 763 844 822 naturae
859 759 974 822 veritas
991 756 1138 840 contulit,
1156 777 1220 823 uon
1236 757 1375 822 conlutis
1396 775 1462 820 na·

285 862 375 942 turis,
390 881 492 945 neque
503 860 666 944 immixtis,
679 861 761 926 sieut
771 861 971 926 Timothssni
982 859 1103 944 volunt,
1115 859 1171 925 sed
1182 851 1330 926 societatis
1341 859 1462 924 unitis.
1543 861 1544 870 ’

284 962 371 1029 Deus
386 984 458 1048 ergo
473 963 632 1030 homiuem
646 967 828 1050 assumpsit,
843 963 934 1029 homo
946 966 980 1030 in
996 963 1088 1029 deum
1103 965 1263 1046 transivit,
1278 983 1341 1028 non
1354 967 1461 1026 natu·

285 1087 338 1130 rue
353 1066 575 1150 versibilitate,
595 1067 957 1153 ⁵sieut⁴Apollinaristae
973 1065 1097 1149 dicunt,
1117 1066 1174 1132 sed
1189 1066 1240 1152 dei
1255 1065 1461 1149 dignatione:

285 1175 321 1233 ut
335 1189 393 1234 neo
414 1168 491 1238 deus
511 1176 684 1236 mutaretur
698 1173 732 1236 in
745 1170 916 1238 humanum
930 1169 1174 1252 ⁶snbstantism,
1189 1168 1378 1234 assumendo
1396 1167 1461 1232 ho-

285 1273 420 1354 minem,
435 1293 493 1337 nee
509 1271 600 1338 homo
616 1275 650 1338 in
670 1273 826 1356 divinam,
848 1273 1036 1358 glorificatus
1051 1275 1084 1337 iu
1100 1271 1208 1350 deum;
1229 1274 1302 1356 quia
1314 1272 1461 1336 mutatio

285 1373 336 1439 vel
356 1375 546 1442 versibilitas
566 1382 697 1441 naturae
718 1383 750 1441 et
770 1377 1009 1442 diminutionem
1028 1381 1060 1440 et
1079 1374 1281 1441 abolitionem
1299 1373 1461 1440 substan-

286 1479 348 1542 tiae
363 1477 466 1544 'fauit
504 1479 603 1544 Natus
620 1487 669 1544 est
683 1499 755 1563 ergo
772 1479 822 1544 dei
837 1479 920 1544 tilius
936 1499 975 1543 ex
989 1477 1132 1562 homine,
1153 1485 1185 1542 et
1199 1499 1263 1544 non
1276 1499 1331 1565 per
1344 1476 1460 1543 bomi-

285 1601 375 1664 nem,
394 1581 427 1646 id
449 1588 575 1648 estnon
591 1603 630 1646 ex
644 1585 704 1648 viri
720 1583 818 1665 coitu,
838 1585 920 1648 siout
933 1581 1056 1647 Hebion
1078 1581 1171 1665 dicit,
1192 1581 1250 1650 sed
1270 1601 1399 1647 earnem
1416 1601 1462 1644 ex

285 1686 414 1767 virginis
431 1707 558 1772 corpore
573 1685 713 1769 trahens,
729 1693 761 1750 et
774 1706 838 1751 nou
854 1685 892 1750 de
905 1685 990 1750 caelo
1003 1705 1110 1750 seeum
1120 1685 1264 1768 afferens,
1278 1684 1461 1750 sieutMar·
1545 1672 1546 1720 ἶ

286 1787 367 1870 oion,
383 1787 534 1872 Origenes
556 1789 606 1852 ⁸et
619 1788 775 1874 Eutyches
790 1788 962 1853 affirmant:
979 1809 1080 1872 neque
1095 1789 1130 1852 in
1144 1787 1322 1874 phantasia,
1342 1786 1378 1851 iol
1403 1795 1463 1851 est

285 1891 404 1975 absque
421 1911 526 1974 oarno,
541 1894 624 1958 sient
636 1891 859 1958 ⁹Vulentinus=
876 1892 1003 1976 ¹⁰neque
1019 1880 1152 1974 δοκήσει,
1166 1891 1199 1956 id
1214 1895 1263 1974 est
1275 1909 1375 1974 neque
1389 1911 1460 1976 pu·

284 1996 382 2060 tative
401 1994 623 2078 imaginatum,
647 1994 703 2062 sed
724 2015 837 2082 eorpus
858 2013 983 2060 rerum:
1003 1993 1099 2060 11ιιοιι
1118 1999 1242 2060 tautum
1263 2013 1389 2060 earnem
1414 2014 1460 2058 ex

286 2117 390 2180 omne,
401 2099 484 2162 siout
496 2097 684 2182 Marcianus,
700 2098 756 2162 sed
770 2119 862 2164 verus
878 2097 955 2164 deus
967 2117 1006 2162 ex
1018 2097 1193 2178 divinitate,
1207 2094 1458 2162 etverushomo
1546 2078 1547 2130 l

286 2221 325 2266 sx
340 2221 444 2283 carne,
458 2197 581 2266 ¹²uuius
597 2201 689 2284 lilius,
703 2201 738 2266 in
753 2199 917 2266 divinitate
932 2199 1064 2268 verbum
1077 2200 1176 2286 patris
1192 2205 1224 2263 et
1238 2199 1324 2282 deus,
1337 2198 1369 2263 in
1388 2198 1457 2264 bo·

284 2306 370 2368 mine
385 2303 491 2370 anima
505 2310 537 2368 et
552 2325 633 2370 earo.
655 2303 771 2370 Anima
785 2324 849 2370 non
863 2303 981 2388 absque
996 2323 1093 2368 seusu
1107 2310 1139 2368 et
1153 2305 1285 2386 rabono,
1299 2307 1333 2366 ut
1345 2301 1455 2386 Apol·

285 2406 410 2490 linaris,
431 2426 534 2492 neque
554 2427 625 2472 earo
640 2405 758 2492 absque
774 2409 895 2489 anima,
913 2413 949 2472 ut
967 2405 1154 2488 Eunomius,
1176 2403 1232 2470 sed
1251 2407 1354 2470 anima
1370 2425 1456 2470 eum

285 2513 403 2578 ratione
419 2530 490 2593 sua,
509 2515 542 2574 et
561 2531 632 2575 earo
654 2531 725 2576 eum
745 2510 890 2576 sensibus
910 2511 991 2592 suis,
1012 2529 1069 2596 per
1088 2528 1166 2592 quos
1181 2528 1292 2574 sensus
1306 2527 1399 2572 seros
1416 2510 1455 2572 in

284 2616 431 2702 passione
447 2619 480 2678 et
494 2618 566 2678 ante
581 2615 761 2697 passionem
775 2633 850 2678 suae
866 2615 970 2678 omnis
985 2611 1107 2680 dolores
1122 2612 1281 2677 sustinuit

163 2733 214 2786 ess
228 2735 267 2778 ur
346 2717 454 2802 Neque
474 2718 519 2782 sio
539 2721 588 2780 est
606 2721 699 2782 natus
720 2717 776 2780 ¹ex
795 2716 930 2801 virgine,
949 2721 985 2780 ut
1004 2721 1037 2780 et
1055 2713 1199 2780 'deitatis
1213 2714 1337 2780 initium
1350 2711 1453 2780 bomo

284 2820 442 2886 nascendo
458 2821 629 2905 acceperit,
649 2818 739 2904 qussi
758 2824 831 2884 ante
853 2839 948 2903 quam
965 2825 1150 2884 nosceretur
1169 2837 1208 2883 ex
1226 2817 1346 2902 virgine
1365 2814 1453 2882 deus

284 2943 348 2989 non
362 2923 467 3006 luerit,
481 2922 564 2988 sieut
578 2923 730 2988 Artemon
745 2928 777 2986 et
790 2921 925 2987 Berillus
942 2928 974 2986 et
988 2919 1171 2988 ⁸Marcellus
1187 2921 1372 3000 docueruut,
1384 2919 1452 2984 sed

285 3031 431 3092 aeternus
446 3025 523 3092 deus
539 3025 677 3090 ethome
693 3045 732 3090 ex
746 3026 867 3108 virgine
882 3024 992 3090 ‘uatus
1008 3030 1066 3090 est.

131 3195 135 3204 ,
167 3145 217 3198 cnr·
231 3145 268 3188 rr.
347 3127 434 3194 Nihil
448 3135 588 3195 ursatum
602 3133 657 3192 aut
671 3129 811 3192 serviens
826 3127 860 3192 iu
874 3129 1015 3192 trinitate
1032 3125 1226 3210 ¹oredemus,
1240 3131 1276 3190 ut
1288 3123 1353 3191 vult
1365 3123 1450 3191 Dio·

285 3233 410 3316 nysius,
431 3231 501 3298 lons
517 3231 601 3314 Arii,
622 3229 702 3296 nihil
716 3229 897 3315 inaequale,
920 3229 974 3296 2ut
992 3229 1180 3314 Eunomius,
1201 3229 1282 3296 nihil
1299 3227 1450 3312 ³usquale

334 3417 442 3473 sauir.
456 3420 493 3482 (et
507 3417 687 3482 emitterent.)
704 3415 773 3471 filios
789 3415 915 3484 fstsmur,
933 3415 979 3472 sod
996 3425 1052 3471 cett.
1113 3415 1138 3470 5.
1150 3417 1219 3470 sicut
1233 3413 1404 3470 Tertullianus
1419 3424 1451 3469 et

283 3485 484 3558 Apollinarium
502 3486 591 3539 dicunt
608 3487 663 3539 eorl.
681 3485 754 3539 MSS.
772 3485 885 3541 Floreat.
902 3485 1068 3538 bibliothecae
1086 3485 1120 3537 D.
1132 3485 1233 3548 Marci,
1252 3494 1311 3538 terte
1327 3481 1448 3540 Elaeus.

284 3555 308 3608 6.
320 3555 505 3610 sufficientiam
523 3558 578 3610 cod.
596 3555 708 3608 Florem.
778 3554 802 3609 7.
815 3555 877 3608 Post
890 3553 953 3608 lauit
968 3555 1032 3606 editi
1047 3557 1085 3618 (et
1094 3553 1222 3618 Elment.)
1234 3557 1345 3606 inserant
1355 3550 1449 3606 crets-

284 3629 326 3676 tur
337 3625 440 3678 anobis
456 3623 513 3678 sine
525 3623 678 3678 confusione
690 3623 828 3677 coniuncta
839 3629 930 3676 saneta
941 3623 1058 3688 trinitas,
1071 3623 1128 3676 sine
1140 3622 1303 3692 superatione
1314 3619 1448 3676 dumeta

284 3693 365 3744 Abest
375 3713 392 3745 a
405 3689 477 3745 MSS.
496 3691 617 3762 (Boned.)
674 3691 698 3744 8.
711 3691 801 3743 Plures
812 3691 885 3746 MSS.
899 3695 1014 3744 omittunt
1024 3697 1050 3743 et
1061 3689 1204 3760 Eutyches,
1222 3709 1254 3743 oe
1267 3694 1319 3742 eius
1330 3691 1382 3740 loeo
1393 3688 1447 3742 lto-

284 3761 492 3831 tmteoruruque
504 3765 652 3814 sectatores.
676 3759 794 3830 (Bened.)
845 3759 869 3816 9.
879 3760 1033 3814 Valentinus
1049 3760 1154 3824 maurit,
1170 3775 1255 3829 neque
1273 3761 1311 3812 ed.
1328 3757 1447 3814 mmm

287 3827 325 3882 10.
344 3829 387 3882 Itu
405 3831 472 3884 adid.
492 3827 666 3893 Benedictim',
682 3833 725 3898 qui
741 3833 823 3880 citant
838 3828 926 3896 (lyrill.
945 3827 1049 3882 Gatecb.
1063 3827 1087 3880 4.
1115 3829 1148 3880 Ia
1166 3829 1225 3882 edit.
1241 3825 1354 3880 Elmenl.
1372 3834 1449 3880 extat

283 3913 368 3968 neque
380 3897 411 3951 de
422 3897 502 3963 thesi,
514 3897 541 3950 id
552 3902 593 3951 est
602 3897 719 4018 putative
730 3897 767 3949 im
805 3897 811 3910 '
831 3902 912 3962 atum,
925 3914 955 3948 ex
967 3900 1085 3950 auctorit.
1098 3897 1155 3948 edd.
1167 3895 1202 3947 D.
1213 3895 1309 3959 Murci,
1320 3903 1348 3945 ut
1356 3898 1382 3974 'l‘
1393 3898 1447 3946 trd-

284 3975 344 4021 oott.
357 3971 538 4036 opustestatus.
591 3966 704 4020 luet.
718 3966 753 4018 D.
794 3969 854 4020 arei
868 3981 922 4020 nun
937 3965 1087 4035 inaequale,
1102 3969 1133 4018 ut
1149 3963 1302 4030 Eunomius,
1318 3961 1446 4032 ailulper

283 4035 396 4154 {patiam
414 4051 458 4088 ror
469 4040 557 4088 tamen
574 4050 692 4100 earnem,
709 4051 782 4086 rerrsa
799 4032 1028 4153 stauopsslmenh.)
1100 4033 1139 4088 lt.
1152 4049 1220 4086 unus
1239 4031 1281 4088 dei
1295 4031 1364 4086 filius
1379 4033 1445 4086 edit.

309 4103 398 4156 haeret.
417 4105 463 4156 At
473 4121 537 4172 quoe
549 4105 684 4156 adnotavit
696 4099 739 4168 ,rb
752 4101 793 4154 dei
806 4121 836 4155 er
848 4101 878 4154 M
897 4142 902 4155 .
916 4103 975 4154 art.”

335 4171 371 4224 Ga
391 4171 1033 4240 .111.-1.Vertaoxrirginonootatercod.
1054 4169 1197 4224 D.Mcrrcr'.
1266 4167 1290 4224 ἓ.
1303 4165 1445 4222 diumuus

284 4241 322 4294 ed.
337 4187 452 4294 trient
504 4239 528 4293 3.
540 4240 678 4294 Marcellus
691 4258 739 4292 non
752 4247 790 4292 eat
798 4243 826 4291 io
837 4238 891 4291 MS.
905 4237 939 4292 D.
948 4237 1045 4291 Murri.
1063 4235 1206 4308 (Elmenlr.)
1257 4237 1282 4292 4.
1295 4237 1354 4290 Post
1363 4237 1444 4290 rerba

283 4315 359 4362 nutus
372 4315 413 4361 sat
423 4312 451 4360 io
462 4311 500 4362 ed.
513 4307 628 4364 tument.
648 4310 741 4362 addita
759 4311 921 4378 reperiuntur
937 4324 992 4360 non
1009 4307 1133 4360 amittens
1150 4305 1221 4376 quod
1238 4312 1306 4372 erut,
1322 4305 1444 4374 dignutus

283 4391 341 4429 ease
353 4376 423 4468 qupd
438 4393 492 4432 non
508 4381 571 4430 erat
592 4378 639 4430 Aa
654 4375 847 4448 praelibarent.
865 4377 999 4429 adnotavit
1016 4375 1106 4440 „Haeo
1123 4393 1168 4429 auo
1184 4377 1238 4430 loeo
1254 4381 1322 4428 nota
1338 4391 1368 4427 aa
1382 4371 1442 4432 ΠΒ.

282 4459 397 4566 ψοζ’.
409 4511 452 4568 Ν.
470 4541 500 4554 -
514 4514 536 4566 1.
549 4513 706 4568 eradendum
721 4513 800 4568 tabet
814 4515 870 4568 eod.
883 4511 938 4568 MS.
953 4513 987 4566 D.
999 4513 1096 4578 Marci.
1147 4512 1172 4568 Ξ.
1186 4518 1216 4567 ut
1231 4513 1287 4567 vult
1298 4511 1443 4566 Eunomia·

285 4579 324 4633 erl.
337 4579 364 4632 Ε
373 4580 452 4636 aaut.
503 4579 529 4636 3.
539 4580 585 4636 Sic
596 4581 683 4649 MSS„
699 4592 764 4638 teatt.
782 4583 966 4640 Benedictim’t.
984 4583 1023 4638 Ao
1033 4584 1097 4638 editi
1111 4586 1201 4647 (eliasu
1212 4581 1340 4647 Elmot)
1351 4581 1445 4636 tum
