3120 4994
593 325 680 368 umus
693 325 802 368 Pffllls·
1220 329 1279 394 261

179 481 449 568 septuagesimam
471 488 503 548 et
527 485 668 568 quintam
690 481 853 548 haeresem
877 481 1103 565 Hydrotheitae
1130 485 1445 570 iecerunt,0.„1,m,

108 605 231 669 aquam
246 585 340 650 deum
355 585 510 668 dieenteS,
530 607 592 650 non
608 584 777 651 habentem
791 605 849 650 nec
864 585 989 650 initium
1008 605 1066 650 nec
1082 587 1194 669 finem,
1214 609 1281 652 sor·

110 687 172 752 des
188 688 338 770 luentem,
353 695 482 774 peccata
499 689 720 770 dimittentem,
735 695 767 752 et
780 688 949 752 habentem
964 691 1110 774 spiritum
1126 695 1280 754 sanctum.

110 792 201 870 Quos
222 793 303 855 inste
324 791 451 856 damnat
473 783 550 856 fides
573 790 726 856 catholica
745 791 834 876 qnasi
859 811 967 856 oaeoos
994 798 1025 854 et
1045 813 1109 856 non
1134 791 1281 858 videntes

109 913 230 978 aquam
242 893 355 978 quibus
371 897 529 980 spurcitiis
541 897 638 958 servit
653 901 685 957 et
700 899 803 979 potest
817 893 894 958 deus
910 896 1042 976 servire,
1058 894 1171 978 quibus
1187 897 1282 960 etiam

110 997 329 1082 squaloribus,
345 1004 398 1062 aut
414 999 501 1062 cuius
516 997 667 1062 momenti
682 1003 731 1062 est
741 1017 823 1080 aqua
837 999 905 1060 sine
918 994 1172 1062 conceoratione?
1191 997 1281 1062 Illam

111 1121 219 1165 sermo
235 1103 325 1165 vivus
340 1099 489 1182 vivificat,
504 1119 605 1164 sermo
621 1105 747 1164 sanctus
760 1100 945 1182 sanctificat,
961 1105 995 1164 ut
1010 1105 1136 1164 sanctus
1152 1103 1281 1186 spiritus

111 1207 149 1268 in
164 1223 202 1268 ea
217 1203 362 1286 dignetur
375 1203 527 1284 habitare,
542 1208 596 1268 aut
607 1208 642 1268 ut
652 1205 753 1288 possit
764 1201 964 1268 credentibus
976 1209 1109 1288 peccata
1119 1203 1280 1272 mundare.

110 1306 155 1372 Et
169 1309 226 1388 sic,
242 1305 395 1390 quomodo
410 1307 526 1390 accipit
538 1307 603 1370 vim
616 1305 709 1370 huius
725 1307 770 1369 rei
785 1325 841 1390 per
856 1305 1118 1388 benedictionem,
1132 1311 1169 1369 ut
1181 1309 1282 1391 possit

112 1411 224 1476 omnia
237 1408 387 1472 mundare
402 1415 540 1492 peccate,
553 1430 615 1474 non
627 1414 731 1494 potest
741 1408 892 1472 mundare
903 1412 1109 1493 peccataeius
1122 1411 1175 1491 qui
1187 1408 1281 1474 iidem

112 1531 207 1576 snam
220 1531 285 1576 non
306 1531 344 1576 ex
365 1513 485 1594 integro
506 1513 592 1596 prius
613 1511 670 1576 deo
692 1511 861 1576 crediderit
880 1511 1081 1578 offerendam.
1116 1509 1187 1575 Non
1209 1533 1279 1595 ergo

112 1635 172 1700 per
192 1613 294 1678 solum
314 1613 507 1696 abluentem,
528 1614 584 1680 sed
603 1615 701 1697 magis
721 1633 778 1698 per
793 1612 989 1696 credentem,
1008 1615 1137 1698 spiritus
1152 1620 1280 1679 sanctus

114 1715 293 1782 infunditur
306 1716 341 1780 in
355 1716 507 1799 homines,
523 1721 555 1780 et
568 1723 768 1802 peccatorum
782 1718 875 1780 venia
890 1715 1094 1781 condonatur.
1184 1721 1188 1729 '

179 1818 450 1904 Septuagesimam
476 1825 507 1882 et
531 1825 650 1884 sextam
671 1818 827 1882 haeresim
848 1819 989 1884 fecerunt
1008 1819 1280 1902 Homuncionitae,
1300 1847 1456 1901 caesarei.

114 1925 170 2006 qui
187 1921 296 1986 dicunt
315 1923 348 1984 in
370 1941 496 2006 corpore
518 1921 652 1986 hominis
676 1941 744 1985 esse
766 1921 936 2003 imaginem
951 1921 1017 2002 dei,
1037 1941 1101 1986 non
1115 1923 1148 1984 in
1164 1923 1278 1986 sonna

111 2023 207 2092 Unde
223 2025 403 2107 Gregorius:
431 2023 511 2090 Cum
530 2026 631 2106 imago
655 2021 705 2088 dei
724 2025 757 2086 in
777 2023 871 2088 rebus
892 2025 1013 2105 magnis
1030 2029 1061 2086 ct
1074 2025 1184 2108 primis
1200 2045 1279 2109 qnae

114 2129 237 2192 suntin
252 2127 378 2192 homine
390 2125 503 2194 debeat
514 2129 631 2210 quaeri,
648 2129 681 2190 in
693 2128 853 2208 memoria,
865 2129 898 2194 in
909 2125 1080 2208 intellectu,
1091 2128 1125 2190 in
1137 2129 1279 2209 scientia,

115 2236 148 2294 et
167 2232 201 2293 in
220 2229 283 2294 illis
298 2229 374 2295 loeis
399 2229 482 2294 unde
502 2228 594 2294 homo
615 2227 655 2292 ad
675 2230 826 2312 pietatem
846 2233 1002 2311 movetur,
1021 2227 1099 2294 haec
1115 2232 1280 2294 statutam

115 2333 222 2398 anima
243 2337 331 2414 sunt,
352 2351 415 2396 non
437 2331 470 2396 in
491 2333 628 2418 corporis
648 2329 842 2394 liniamentis
862 2333 1030 2414 instructa,
1053 2337 1091 2408 et,
1105 2337 1193 2398 tanto
1208 2333 1279 2418 plus

115 2434 230 2499 similis
245 2433 302 2500 deo
318 2440 376 2516 est,
397 2441 513 2518 quanto
528 2433 598 2519 plus
613 2433 690 2498 haec
706 2453 784 2518 quae
799 2436 1040 2499 memoravimus
1056 2436 1165 2518 purius
1185 2443 1278 2520 potu-

115 2539 177 2602 erit
191 2537 342 2602 obtinere.

179 2639 448 2725 Septuagesimem
468 2643 499 2703 et
518 2642 685 2725 septimam
703 2639 858 2704 haeresim
872 2639 1044 2704 Ametritae
1064 2641 1279 2724 instituerunt,
1296 2666 1347 2720 osa
1360 2669 1464 2712 mxvii.

116 2741 259 2808 dicentes
274 2727 518 2806 innumerabiles
534 2763 603 2806 esse
617 2741 761 2808 mundos.
789 2742 855 2806 Hoc
872 2762 925 2806 eos
941 2741 1044 2806 dicere
1060 2763 1176 2806 novum
1189 2748 1279 2828 putat

116 2848 171 2930 qui
186 2865 248 2910 non
263 2844 338 2928 legit
353 2845 563 2932 philosophos.
586 2845 652 2909 Hoc
668 2847 752 2910 enim
767 2845 841 2909 olim
856 2843 1007 2928 aliquanti
1023 2844 1279 2932 philosophorum

115 2948 221 3014 dixere
236 2947 378 3031 gentiles.
415 2947 479 3014 Nos
495 2953 600 3012 autem
614 2945 753 3032 Moysem
768 2970 787 3012 a
801 2947 858 3013 deo
874 2949 1006 3013 missurn
1021 2949 1225 3034 suscipimus,
1248 2955 1279 3012 et

115 3052 154 3118 de
169 3051 286 3116 mundo
303 3051 377 3136 quid
393 3053 563 3116 sentiamus
579 3049 700 3134 etquid
715 3050 878 3117 credamus
893 3049 932 3115 ab
947 3052 1015 3137 ipso
1033 3050 1209 3116 didicimus.

178 3153 447 3240 septuagesimam
470 3159 502 3218 et
517 3157 659 3220 octavam
673 3151 828 3218 haeresim
847 3153 1163 3239 Psyohopneumones
1184 3175 1277 3220 occu·
1296 3180 1347 3232 cip.
1360 3179 1476 3226 anneus

113 3263 240 3345 parunt,
255 3256 396 3321 dicentes
405 3256 694 3322 animashominnm
704 3255 802 3322 bonas
816 3258 850 3320 in
865 3259 993 3342 spiritns
1005 3257 1186 3340 angelornm
1201 3278 1276 3322 con·

112 3363 206 3442 uerti,
222 3362 342 3425 animes
357 3379 430 3424 vero
446 3359 605 3424 hominum
621 3358 720 3424 males
734 3361 768 3422 in
784 3361 911 3444 spiritus
927 3359 1113 3424 daemonnm
1127 3361 1251 3424 mutari.

178 3463 445 3547 septuagesimam
461 3468 493 3524 et
503 3483 617 3526 nonam
628 3461 790 3526 haeresem
802 3461 1022 3527 ¹Adecerditac
1034 3467 1153 3545 tenent,
1169 3462 1276 3530 dioen-
1294 3489 1345 3541 cap.
1358 3488 1450 3532 cxxix

114 3573 174 3646 tes,
190 3565 313 3630 Christo
330 3563 533 3632 descendenti
548 3565 588 3630 ad
603 3565 719 3630 inieros
735 3567 836 3630 omnis
852 3566 1026 3630 animarum
1040 3564 1207 3630 multitudo
1224 3587 1275 3630 oc·

114 3671 223 3749 currit,
238 3673 270 3730 et
284 3665 417 3732 credidit
432 3668 471 3750 ei,
487 3673 518 3730 et
531 3667 663 3733 liberata
677 3671 734 3732 est.
1220 3656 1222 3662 ¹

179 3769 394 3854 ¹Oetogesims
412 3771 550 3836 haeresis
571 3771 648 3836 dicit
668 3770 767 3835 tilium
789 3767 839 3834 dei
858 3774 967 3855 postea
981 3772 1131 3853 genitum,
1150 3777 1276 3858 postea·
1294 3788 1345 3842 Cep·
1357 3789 1439 3832 am

115 3893 211 3958 quam
225 3873 323 3937 voluit
336 3879 439 3957 pater3
454 3874 481 3935 si
496 3873 649 3938 noluisset
662 3879 761 3959 pater,
776 3893 840 3938 non
855 3874 1024 3956 genuisset.
1045 3873 1131 3957 Esto,
1146 3875 1275 3940 confite·

114 3997 206 4042 amur
226 3975 388 4060 aequalem
406 3975 504 4040 filium
524 3978 620 4061 patri:
642 3981 677 4040 ut
695 3975 834 4061 aequalis
857 3978 913 4059 sit,
931 3996 993 4040 nou
1010 3981 1058 4042 est
1072 3995 1121 4040 res
1136 3981 1276 4062 naturae,

115 4077 172 4145 sed
186 4081 314 4162 gratiae.
336 4077 430 4144 Pater
443 4077 502 4146 hoc
516 4079 624 4161 voluit,
640 4099 676 4142 ac
691 4099 746 4164 per
759 4077 819 4144 hoc
833 4083 933 4146 totum
944 4080 1042 4166 patris
1058 4083 1117 4162 est,
1129 4099 1195 4148 non
1208 4079 1274 4145 filii.

167 4195 231 4266 Cap.
242 4195 365 4250 LXXIX.
377 4225 410 4236 —
424 4195 446 4248 l.
458 4195 618 4250 Adicerditae
630 4195 685 4248 MS.
698 4197 769 4316 *iffi
778 4225 811 4236 —
823 4193 997 4264 Ἀδηκερδίται,
1004 4205 1113 4316 prppter
1124 4198 1221 4250 lucram
1232 4215 1275 4250 sc·

116 4267 176 4320 latis
187 4269 215 4317 in
226 4268 325 4333 inferno
337 4264 461 4318 Pittaco.
473 4263 555 4318 Haer.
568 4261 690 4316 CXXII:

117 4335 144 4388 in
156 4333 287 4388 asomum
300 4333 471 4398 descendisse,
483 4339 510 4386 et
521 4333 641 4386 omnihus
654 4337 835 4402 postmortem
846 4331 925 4386 etiarn
936 4332 1031 4386 ibidem
1043 4349 1071 4386 se
1083 4333 1228 4398 nuntiasse,
1244 4340 1276 4387 ut

117 4401 271 4456 confitentes
282 4401 378 4456 ibidem
390 4401 574 4456 salvarentur.”
591 4399 670 4454 Hanc
682 4401 879 4454 observationem
891 4419 939 4454 oco
972 4410 1026 4456 tom
1035 4405 1169 4471 referimus
1181 4401 1274 4456 Colote-

117 4475 156 4524 sa'o
173 4475 202 4524 a'a
219 4473 284 4524 notis
301 4473 338 4524 cd
353 4469 477 4524 Humum
493 4469 574 4526 sema
587 4467 643 4534 lx,
660 4471 684 4536 §-
696 4467 775 4524 XVI.
794 4478 849 4524 tom.
862 4469 886 4525 I.
904 4469 930 4524 P
951 4471 1031 4524 ‚Aa
1044 4488 1074 4540 p.
1089 4469 1144 4524 120.
1155 4471 1195 4524 ed.
1208 4470 1273 4527 (llos.

118 4537 353 4676 (Gdblhblhssx.
365 4637 398 4648 -
414 4607 435 4660 1.
446 4607 496 4660 His
505 4624 590 4660 comeo
600 4609 628 4660 ia
641 4605 753 4662 Eteocle
761 4605 949 4678 aregenses,
961 4611 988 4660 sir
994 4606 1155 4664 usmitan.
1173 4607 1273 4679 (Siros.)

781 4269 841 4316 sunt
851 4261 974 4318 haeretici
985 4265 1030 4334 qni
1058 4269 1130 4318 rount
1141 4265 1274 4319 dominum
