3120 4994
231 273 233 281 ι
270 257 332 322 326
362 249 367 264 ¹
653 257 775 300 bonomi
789 257 1061 327 AUGUSTODUIOENSIS

270 433 346 496 pora
360 435 494 496 creasse,
510 419 541 479 et
556 419 627 500 post
641 415 741 482 multa
755 415 861 482 secula
875 419 996 483 animas
1010 419 1044 482 in
1056 419 1181 506 diversa
1192 441 1324 506 corpora
1335 419 1429 486 redire

272 521 303 578 et
318 518 424 582 omnia
437 519 471 582 iu
485 517 655 603 pristinum
670 525 787 584 statum
802 523 916 584 reverti
932 519 1088 586 dixerunt.

165 647 254 698 caux.
299 691 305 698 ‚
336 617 566 686 ¹Stoicialooo
584 621 668 686 dicti.
693 621 768 687 Stoa
783 625 898 708 quippe
913 623 1053 708 porticus
1069 629 1137 687 erat
1150 625 1302 706 Athenis,
1325 626 1357 688 iu
1374 645 1431 708 qua
1540 667 1541 696 2

271 724 449 807 sapientum
464 731 496 788 et
510 725 638 790 fortium
653 725 738 790 facta
753 732 851 792 erant.
889 727 926 790 ln
940 726 999 790 hae
1015 727 1098 791 Zeno
1114 726 1320 813 philosophus
1341 727 1431 792 disci·
1540 719 1541 740 ³

269 825 359 910 pulos
375 847 449 891 suos
464 829 610 891 instituit.
634 829 674 892 Hi
687 849 778 893 omne
789 835 955 914 paccatum
966 831 1120 894 uniforme
1133 830 1251 912 dicunt,
1267 835 1333 894 tam
1344 851 1432 914 grone

271 949 339 992 esse
355 929 495 994 triticum
511 951 605 1015 quam
620 953 731 996 aurum
745 931 852 997 furari.
875 931 1108 996 Beatitndinem
1119 935 1153 997 in
1165 933 1233 998 sola
1243 935 1351 997 anima
1361 954 1431 998 oon-

271 1037 365 1113 stare,
380 1035 520 1098 animam
537 1055 609 1098 cum
625 1055 752 1120 corpore
763 1037 896 1114 interire
912 1035 1120 1100 affirmabant

151 1145 202 1196 Cu·
216 1146 252 1186 Μ»
335 1133 533 1200 ¹Academici
548 1157 567 1200 a
581 1135 656 1200 villa
669 1137 811 1202 Platonis
826 1137 998 1204 Academia
1013 1138 1098 1203 dicti.
1135 1139 1175 1202 Hi
1191 1138 1297 1204 omnia
1318 1141 1432 1204 incerta

270 1238 446 1321 opinantur.
484 1237 584 1302 Huius
606 1243 710 1303 sectae
732 1246 871 1325 repertor
892 1241 951 1305 fuit
965 1225 1145 1305 Arcesilaus
1166 1247 1198 1304 et
1218 1246 1357 1305 sectator
1370 1243 1431 1305 eius

269 1338 484 1423 Democritus,
505 1343 558 1424 qui
575 1341 654 1406 dixit
674 1344 719 1406 ita
732 1345 899 1410 veritatem
914 1345 947 1408 in
963 1343 1085 1408 occulto
1102 1343 1209 1426 latere,
1224 1349 1259 1407 ut
1274 1363 1390 1427 aquam
1403 1347 1431 1408 iu

269 1441 332 1506 alto
346 1449 441 1527 puteo
457 1445 525 1506 sine
541 1443 646 1508 fundo.

139 1552 190 1604 cn·
204 1551 251 1595 ¹11·
333 1545 551 1630 ¹Peripatetici
566 1568 585 1610 a
600 1547 850 1613 deambulatione
867 1548 955 1630 dicti,
977 1551 1050 1632 quia
1065 1553 1173 1613 auctor
1189 1569 1296 1613 eorum
1313 1549 1431 1614 Aristo-
1540 1579 1541 1622 ι

270 1647 348 1711 telas
364 1645 592 1714 deambulando
609 1649 797 1735 disputabat.
835 1651 876 1716 Hi
892 1649 1004 1716 dicunt
1017 1653 1156 1734 animam
1176 1671 1214 1714 ex
1229 1657 1319 1736 perte
1335 1658 1431 1716 aeter·
1540 1649 1541 1652 ’

269 1771 353 1834 nam,
369 1772 408 1816 err
422 1757 510 1837 parte
526 1752 702 1834 mortalem,
718 1759 750 1816 et
765 1752 870 1818 omnia
884 1752 1011 1818 fortuito
1029 1775 1104 1818 casu
1120 1755 1169 1836 agi
1184 1753 1297 1817 ferunt

128 1859 178 1912 0⁸1³·
192 1861 252 1903 11st
333 1854 461 1939 ¹Cynici
476 1855 515 1918 ab
531 1855 731 1920 immunditia
747 1855 833 1920 dicti.
849 1855 889 1920 Hi
905 1861 940 1919 ut
955 1877 1048 1920 canes
1060 1859 1093 1920 in
1105 1855 1184 1920 vicis
1196 1861 1228 1920 et
1238 1855 1354 1942 plateis
1367 1879 1432 1922 oum

269 1957 418 2024 uxoribus
434 1957 577 2040 coibant,
597 1959 738 2023 dicentes
753 1942 939 2042 ‘coniugium
956 1980 1024 2024 esse
1045 1959 1179 2042 iustum,
1195 1964 1227 2022 et
1246 1957 1317 2023 ideo
1339 1959 1432 2025 houe-

270 2067 364 2142 stnm,
379 2063 445 2126 iure
460 2063 494 2125 in
508 2061 633 2146 publico
649 2061 813 2146 agendum.

131 2168 183 2222 Cn·
195 2169 252 2210 ffl-
334 2163 495 2250 ¹Epicurei
511 2164 550 2228 ab
566 2165 698 2250 Epicuro
714 2163 897 2250 philosopho
914 2163 1000 2228 dicti.
1030 2164 1071 2228 Hi
1092 2185 1249 2230 sommium
1270 2163 1387 2229 bonum
1403 2167 1433 2228 iu

322 2349 384 2434 (lap.
397 2351 431 2404 Χ.
443 2381 476 2390 -
491 2351 512 2402 l.
525 2351 614 2404 Isidor.
628 2351 718 2420 Origg.
730 2349 796 2414 Vlll,
810 2351 833 2415 6,
846 2349 870 2402 8.
895 2350 992 2419 ,Stoici
1004 2349 1085 2402 aleco
1095 2349 1163 2402 dicti.
1181 2349 1299 2402 Porticus
1308 2349 1436 2403 fuiteuim

268 2419 377 2472 Athenis
387 2435 465 2488 quam
477 2418 590 2483 ποικίλην
602 2415 676 2470 στοὰν
689 2419 865 2490 appellabant,
882 2420 910 2471 iu
923 2433 976 2488 qua
985 2420 1056 2488 picta
1067 2425 1144 2488 gesta
1155 2424 1229 2470 eraut
1239 2435 1270 2472 sa
1287 2420 1386 2472 lentum
1397 2425 1437 2470 at-

269 2505 319 2558 que
332 2488 447 2541 virorum
462 2487 570 2542 fortium
586 2487 718 2540 historiae.
747 2487 777 2540 ln
794 2486 842 2540 hac
860 2488 961 2558 porticu
973 2488 1104 2556 sapientes
1116 2436 1379 2557 philosophabantur,
1401 2503 1437 2540 ex

288 2574 320 2609 uo
333 2561 359 2610 et
371 2557 452 2610 Stoici
465 2556 527 2608 dicti
539 2563 607 2609 sunt.
627 2555 725 2609 Graece
738 2555 808 2608 enirn
819 2557 933 2626 porticus
947 2553 1008 2606 στοὰ
1020 2555 1121 2607 dicitur,
1140 2555 1212 2608 Hanc
1225 2561 1323 2608 sectam
1334 2555 1437 2624 primus

269 2574 358 2678 deuon
369 2625 490 2678 instituit.
510 2625 533 2676 9.
546 2625 579 2677 lIi
590 2631 688 2694 negant
700 2625 756 2677 sine
767 2625 861 2676 virtute
874 2623 943 2676 effici
955 2639 1112 2692 quemquam
1122 2623 1235 2676 beatum
1254 2623 1336 2678 Omne
1344 2639 1437 2692 pecca-

268 2701 324 2746 tum
336 2693 465 2746 uniforme
477 2709 534 2744 esse
546 2699 673 2756 asserunt,
686 2693 809 2754 diceutes,
822 2693 865 2745 Sic
878 2693 921 2746 ille
934 2709 1030 2744 nocens
1043 2692 1092 2744 erit
1103 2693 1148 2762 qui
1160 2693 1249 2762 paleas
1262 2691 1360 2744 furatus
1376 2691 1437 2744 fue·

267 2763 302 2814 rit
314 2777 392 2832 quarn
405 2761 562 2831 quinarum,
581 2763 626 2830 qui
637 2778 692 2814 mer
712 2777 756 2814 um
770 2761 892 2814 occiderit
904 2775 982 2832 qnam
995 2761 1155 2829 quicquum.
1186 2759 1244 2813 Nou
1256 2761 1324 2812 enim
1334 2759 1438 2812 animal

268 2832 374 2894 odmen,
387 2829 433 2882 sed
442 2831 545 2882 anianus
554 2830 623 2884 facit.
645 2829 683 2884 10.
718 2829 1122 2898 'edomammamoumcorpore
1131 2829 1214 2898 perire
1224 2829 1320 2882 dicunt.
1336 2827 1440 2880 Amant

268 2915 371 2968 quoque
384 2899 506 2952 uirtutem
518 2899 700 2962 continentiae,
713 2897 836 2951 affectant
847 2897 957 2968 gloriam
970 2903 1116 2962 aeternam,
1129 2913 1189 2950 cnm
1201 2914 1228 2950 se
1240 2897 1367 2950 fateantur
1378 2913 1439 2950 nou

268 2984 325 3020 esse
338 2967 482 3019 aeternos.”

302 3051 365 3122 Cap.
379 3051 426 3106 XI.
439 3079 472 3090 -
486 3053 508 3106 l.
522 3051 611 3105 Isidor.
626 3051 669 3104 Ori
689 3067 715 3120 g.
727 3050 794 3114 VIII,
806 3049 831 3113 6,
846 3050 885 3104 ll.
912 3049 1059 3104 Academici
1072 3051 1195 3130 appellati
1212 3065 1229 3103 a
1245 3050 1307 3104 villa
1317 3049 1440 3104 Platonis

268 3121 409 3174 Academia
419 3117 589 3184 Athenarum,
601 3120 648 3172 nbi
658 3067 726 3172 ilem
738 3119 812 3172 Plato
825 3119 941 3172 docebat.
959 3119 993 3171 Hi
1004 3120 1093 3173 omnia
1104 3125 1203 3172 incerta
1215 3120 1363 3199 opinantur,
1375 3119 1440 3182 sed,

268 3190 336 3242 sieut
347 3188 481 3242 fatendum
494 3194 534 3240 est
545 3189 629 3240 multa
640 3188 739 3240 incerta
751 3195 777 3240 et
788 3189 891 3242 occulta
903 3204 973 3250 esse,
985 3203 1052 3258 quae
1064 3187 1148 3240 uoluit
1159 3187 1222 3241 deus
1235 3185 1440 3256 intelligentiam

268 3257 381 3310 hominis
394 3255 534 3319 excedere,
551 3261 640 3308 tamen
656 3255 693 3308 sic
708 3257 820 3327 plurima
837 3273 895 3310 esse
912 3271 978 3325 quae
995 3261 1106 3324 possunt
1118 3261 1145 3308 et
1155 3255 1274 3308 sensibus
1286 3256 1343 3325 capi
1353 3261 1380 3306 et
1390 3271 1440 3308 ra-

268 3327 338 3379 tione
351 3323 541 3394 comprehendi.
571 3324 609 3377 lt.
621 3324 694 3377 Hane
706 3331 805 3378 sectam
816 3325 963 3377 Arcesilaus
976 3324 1135 3392 Cyrenaicus
1147 3321 1317 3404 philosophus
1328 3325 1440 3394 reperit,

269 3395 342 3447 cuius
360 3399 473 3446 sectator
489 3391 540 3445 fuit
551 3392 727 3457 Democritus,
749 3394 793 3463 qui
810 3392 877 3445 dixit
893 3397 1019 3462 tanquam
1035 3393 1063 3444 ln
1075 3397 1152 3462 puteo
1166 3391 1231 3456 alto,
1248 3399 1285 3445 ita
1296 3396 1324 3444 ut
1334 3391 1439 3444 fundus

268 3463 355 3515 nullus
368 3462 410 3524 sit,
420 3461 497 3514 itain
510 3461 611 3514 occulto
623 3463 706 3514 iacere
718 3461 877 3521 veritatem.”
1221 3491 1225 3498 ·

303 3547 365 3617 Gap.
377 3545 436 3601 XII.
448 3577 482 3590 -
505 3547 528 3599 1.
540 3547 631 3600 Isidor.
644 3545 736 3615 Origg.
748 3546 821 3610 VIII,
839 3546 868 3610 6,
888 3545 926 3600 13.
947 3544 1127 3615 ,Peripatetici
1143 3561 1160 3598 a
1175 3545 1386 3600 deambulatione
1405 3563 1438 3598 eo

270 3615 338 3685 quod
350 3615 527 3668 Aristoteteles
539 3620 629 3668 auctor
647 3631 736 3667 eornm
752 3615 923 3668 deambulans
941 3614 1073 3684 disputare
1090 3613 1183 3666 solitus
1196 3619 1272 3667 esset
1300 3613 1332 3666 ni
1342 3613 1440 3667 dicunt

269 3683 399 3754 quandam
405 3685 559 3753 particulam
567 3684 669 3736 ammae
678 3699 734 3736 esse
742 3690 885 3748 aeternam,
897 3682 1138 3752 dereliqnomagna
1147 3698 1181 3735 ex
1190 3688 1264 3753 parte
1272 3681 1438 3735 moralem!

303 3767 481 3850 Gap.XIIl.-
495 3769 517 3822 l.
530 3767 619 3822 lsidcr.
633 3767 800 3850 Origg.ylll,
813 3767 841 3831 6,
857 3767 895 3822 14.
911 3766 1023 3850 ¹,Cynici
1036 3767 1069 3820 ab
1082 3767 1247 3848 immunditia
1258 3765 1437 3848 impudentiae

188 3937 191 3942 .
268 3835 1436 3960 tlttttt,ttt‘ttttttn{tnttttllttlctttlt{tltlttttsz

269 3975 400 4056 cumbere,
413 3974 474 4094 puis
486 3945 544 4054 “lui
583 3974 638 4026 inm
650 3974 748 4026 iustum
761 3977 807 4054 est,
819 3973 922 4042 publice
930 3921 961 4024 ld
972 3921 1151 4054 praedidantes
1163 3973 1302 4054 agendum,
1314 3977 1342 4024 ut
1351 3987 1434 4024 canes

269 4061 314 4164 ph
308 4057 434 4163 {13an
435 4041 683 4181 mmm
685 4057 708 4128 'a
719 4041 839 4107 cambus,
852 4057 962 4111 quorum
975 4045 1057 4093 urtam
1068 4042 1250 4106 imitabantur,
1266 4047 1344 4096 etiam
1353 4055 1435 4094 roca·

304 4193 443 4266 eapnlv.
456 4225 490 4234 -
513 4195 535 4250 1.
547 4195 638 4250 isidor.
653 4193 743 4266 Origg.
754 4191 821 4258 vm,
834 4194 859 4260 6,
874 4193 912 4247 15.
932 4191 1065 4264 ,Epicurei
1078 4193 1139 4248 dicti
1152 4193 1308 4316 &filim
1320 4193 1434 4263 quodam

269 4262 432 4346 philosopho,
444 4269 559 4317 amatore
569 4264 701 4346 yanitatis,
714 4263 924 4344 nousapientiae‚
932 4278 1015 4384 apem
1023 4264 1103 4316 etiam
1111 4264 1188 4336 ipaip
1208 4261 1317 4346 'osoplri
1325 4277 1433 4332 porcum

270 4338 483 4397 nominaverunt,
501 4347 576 4401 quasi
592 4333 714 4386 volutans
731 4347 759 4385 m
775 4347 857 4384 coeuo
868 4347 931 4384 caru
974 4371 981 4395 ‚
999 4333 1158 4402 voluptatem
1175 4347 1289 4402 corporis
1301 4345 1432 4384 summum

270 4397 369 4453 honum
381 4417 437 4454 esse
455 4415 587 4465 marsus,
601 4401 651 4524 gui
670 4401 750 4454 etiam
765 4399 833 4454 dlxit
848 4399 921 4454 nulla
935 4399 1198 4522 dirinaprorldentia
1208 4400 1361 4454 instructum
1373 4413 1431 4450 csse
1540 4461 1541 4470 ἵ

271 4473 316 4519 aut
327 4467 528 4547 regimundum.
548 4469 587 4549 116.
622 4467 654 4521 cd
665 4469 795 4540 originem
805 4485 892 4524 rerum
900 4468 1026 4533 atomis,i
1055 4465 1430 4524 catinaeoabilibnsacsolidia
1540 4521 1541 4548 ,

271 4536 421 4605 corporibus
433 4537 590 4606 assignant,
607 4553 718 4608 quorum
734 4537 847 4592 fortuitis
859 4537 1073 4594 concursionibus
1085 4539 1173 4594 omnia
1183 4545 1323 4594 uncmtur
1333 4540 1359 4592 et
1367 4539 1432 4588 nata
1540 4577 1541 4588 ι
