3120 4994
241 155 243 162 '
279 183 342 250 254
745 180 973 224 cummanum

279 339 342 405 Sed
358 339 503 423 quiahoc
523 338 626 404 solum
644 338 779 420 iaciunt,
799 357 864 404 non
882 337 1035 402 habentes
1056 339 1218 402 caritatem
1236 353 1296 400 nec
1315 332 1442 418 alloquii

279 462 338 507 nec
356 441 561 506 humanitatis
579 444 662 506 inter
681 429 855 506 haereticos
875 447 949 506 snnt
968 461 987 504 a
1012 447 1122 505 sancta
1140 437 1258 522 synodo
1280 437 1442 502 confutati.

280 543 498 610 condemnant
517 547 611 608 etiam
632 565 685 608 eos
705 543 875 610 monachos
897 545 950 627 qui
969 541 1056 607 aliud
1070 548 1193 627 praeter
1209 539 1334 624 legendi
1349 560 1442 605 oran·

279 647 371 732 dique
388 668 483 732 opera
497 647 616 731 aliquid
631 647 748 712 fuerint
763 647 882 732 operati
901 645 953 711 vel
968 648 1045 710 artis
1060 645 1109 710 vel
1124 642 1341 728 agriculturae.
1378 641 1442 707 L's-

279 769 338 834 que
353 749 394 814 ad
407 752 486 816 istos
500 749 694 836 Epiphanius
708 751 861 834 pervenit,
877 753 909 812 et
923 748 1019 812 siluit.
1042 747 1141 812 Credo
1156 767 1228 812 eum
1242 767 1342 830 usqne
1357 743 1442 810 adid

277 855 428 938 temporis
442 854 571 918 vixisse.
608 853 783 916 Praeterita
802 853 887 916 enim
906 857 939 914 ot
956 853 1136 936 praesentia
1149 849 1289 914 indicare
1304 848 1443 914 humana

279 957 443 1020 curiositas
459 960 576 1040 potest,
597 954 673 1020 deus
694 961 800 1019 autem
814 952 899 1018 sotus
915 959 1020 1037 potest
1033 953 1139 1018 futura
1152 952 1342 1038 praedicere.
1378 951 1440 1016 Ve-

278 1078 348 1122 rum
363 1060 437 1141 quia
450 1056 623 1122 ²Philastor
636 1059 671 1120 in
686 1057 751 1122 suis
767 1063 798 1120 et
812 1058 879 1142 ipse
894 1055 1000 1138 libris,
1020 1055 1134 1140 quibus
1150 1055 1345 1120 diversorum
1359 1060 1441 1118 rete·

277 1163 324 1225 rit
337 1159 501 1242 historias,
520 1162 616 1224 ctiam
635 1159 781 1224 haereses
800 1179 879 1242 qnae
899 1164 985 1222 ortae
1005 1158 1124 1222 fuerint
1138 1160 1250 1224 ceteris
1266 1157 1441 1241 quibusque

277 1262 484 1348 temporibus,
499 1283 537 1326 ex
553 1264 619 1326 eius
634 1283 718 1326 nunc
733 1262 822 1326 libris
838 1258 1044 1346 discerpendo
1065 1261 1148 1326 solas
1163 1261 1310 1325 haereses
1324 1262 1359 1324 in
1373 1279 1440 1324 me-

278 1364 365 1432 dium
380 1366 574 1430 exhibemus.
597 1351 791 1448 Egit'oontra
805 1364 862 1428 hos
876 1363 1013 1448 Ephrem
1027 1363 1192 1448 presbyter
1206 1363 1366 1447 Syromm.

118 1483 169 1534 0212·
182 1482 260 1524 ΜΙ-
341 1464 1441 1552 QuinquagesimametoctavamhaeresemMetaugismonitaeinchoa·

277 1577 401 1636 verunt.
435 1567 569 1660 Ἀγγεῒον
586 1571 703 1636 Graeco
725 1589 868 1634 sermone
889 1589 944 1634 vas
966 1568 1094 1634 dicitur:
1115 1567 1321 1658 μεταγγισμὰς
1335 1573 1441 1632 autern

276 1695 332 1738 vas
346 1676 499 1738 intrares
515 1672 697 1737 advertitur.
730 1672 852 1737 Ex'isto
868 1692 939 1755 ergo
955 1671 1086 1736 articulo
1101 1670 1160 1736 hoc
1176 1669 1236 1734 sibi
1252 1691 1369 1736 nomen
1383 1669 1440 1736 ad·

278 1783 415 1858 sumunt,
431 1775 588 1858 dicentes,
606 1775 659 1840 Sic
674 1781 724 1842 est
738 1775 869 1840 iiliusin
884 1780 983 1859 patre,
999 1773 1152 1858 quomodo
1167 1793 1223 1838 vas
1237 1776 1343 1838 minus
1358 1775 1442 1837 intra

248 1877 256 1890 '
277 1901 332 1944 vas
347 1881 458 1944 maius.
487 1881 569 1958 Quos
584 1879 654 1944 ideo
670 1877 815 1964 repudiat
829 1877 972 1959 ecclesia,
988 1879 1061 1961 quia
1076 1877 1114 1942 dc
1129 1878 1312 1960 incorporeo
1329 1896 1440 1940 carna·

276 1982 349 2050 liter
363 1985 513 2064 sentiunt,
527 1987 560 2046 et
574 1981 612 2046 de
627 1979 938 2066 incomprehensibili
952 1980 1087 2044 ²liniatis
1102 1985 1209 2062 agam,
1223 1985 1256 2042 et
1270 1979 1309 2044 de
1323 1999 1441 2064 aequa·
1555 2055 1556 2062 ἵ

276 2085 365 2150 litate
381 2086 555 2150 divinitatis
569 2081 683 2168 gradus
699 2089 850 2149 statuunt.
872 2083 943 2168 Egit
956 2089 1065 2149 contra
1075 2082 1134 2148 hoc
1145 2081 1299 2148 Diodorus
1316 2083 1440 2167 episoo-
1555 2083 1556 2088 ’

275 2209 335 2275 pus
349 2187 559 2254 Nicomediae.

140 2304 192 2356 0¹1³·
204 2303 259 2346 m·
339 2292 377 2356 In
392 2292 650 2376 quinquagesima
668 2295 700 2354 et
718 2309 803 2354 nona
820 2289 941 2354 haeresi
961 2288 1139 2354 Seleuciani
1158 2293 1248 2370 sunt,
1268 2288 1329 2352 orti
1347 2287 1438 2352 aSe-

277 2393 376 2477 leuco,
392 2397 446 2478 qui
461 2393 688 2458 elementorum
701 2395 880 2474 materiam,
896 2392 934 2456 de
950 2413 1011 2476 qua
1025 2393 1127 2456 factus
1143 2397 1192 2456 est
1205 2389 1361 2472 mundns,
1376 2409 1441 2454 non

275 2519 295 2560 a
309 2497 367 2562 deo
382 2498 496 2562 iactam
512 2496 631 2578 dicunt,
647 2495 703 2560 sed
714 2495 771 2560 deo
785 2501 993 2578 coaeternam,
1008 2515 1067 2560 nec
1078 2495 1216 2558 animam
1228 2492 1286 2558 deo
1298 2492 1442 2557 tribuunt

276 2602 418 2682 creatori,
434 2599 491 2666 sed
506 2604 661 2664 creatores
677 2619 746 2662 esse
762 2601 937 2662 animarum
952 2597 1078 2680 angelos
1093 2595 1204 2662 volunt
1218 2595 1257 2660 de
1272 2597 1340 2678 igni
1353 2601 1388 2659 et
1402 2594 1440 2658 de

275 2705 397 2788 spiritu.
427 2702 543 2767 Malum
558 2707 663 2766 autom
678 2701 830 2766 adserunt
844 2721 913 2766 esse
928 2699 1096 2784 aliquando
1110 2721 1131 2762 a
1145 2698 1218 2780 deo,
1238 2697 1407 2782 abquando
1422 2717 1442 2760 a

274 2807 414 2870 materia.
451 2806 575 2888 Negant
594 2803 782 2868 salvatorem
800 2805 834 2868 in
855 2823 948 2870 carne
969 2802 1077 2867 sedere
1098 2801 1139 2866 ad
1153 2801 1316 2866 dexteram
1329 2803 1441 2886 patris,
1555 2793 1556 2844 ἒ

275 2908 331 2973 sed
346 2929 384 2972 ea
399 2929 432 2972 se
448 2910 571 2972 exuisse
586 2907 770 2991 perhibent,
788 2926 919 2990 eamque
939 2908 974 2970 in
988 2905 1054 2970 sole
1068 2906 1227 2990 posuisse,
1246 2906 1440 2988 accipientes
1555 2907 1556 2930 ¹

276 3012 472 3077 occasionem
488 3009 526 3074 de
542 3009 678 3094 psalmo,
699 3009 754 3074 ubi
768 3008 896 3091 legitur,
917 3007 974 3072 ιΙη
993 3009 1056 3072 sole
1069 3009 1179 3093 poscit
1198 3005 1441 3072 tabernaculam

274 3136 374 3178 scam.
404 3112 527 3195 Negant
540 3111 698 3176 visibilem
712 3111 907 3196 paradisum
924 3111 1116 3196 baptismum
1130 3111 1164 3173 in
1178 3129 1260 3192 aqua
1274 3129 1339 3173 non
1354 3111 1440 3174 aoei-
1555 3179 1556 3194 χ

274 3218 380 3302 piunt3
395 3216 656 3280 resurrectionem
670 3235 734 3279 non
750 3213 883 3278 credunt
901 3213 1055 3294 futuram,
1076 3211 1133 3276 sed
1153 3210 1267 3276 cotidie
1287 3211 1441 3276 adserunt

274 3320 307 3383 in
322 3320 522 3401 generatione
538 3317 681 3382 tiliorum.
719 3317 784 3381 Hos
803 3337 868 3382 nou
888 3315 1026 3380 admittit
1041 3313 1210 3399 disciplina
1222 3313 1299 3378 fidei
1312 3321 1441 3380 nostrae

273 3421 437 3488 nobiscum
453 3420 715 3506 disceptationem
729 3417 909 3500 adsumere,
924 3417 980 3482 sed
991 3439 1047 3503 pro
1059 3415 1296 3482 definitionibus
1306 3419 1377 3484 suis
1387 3437 1441 3484 eos

273 3526 433 3610 praecepit
447 3523 640 3588 anathemati
654 3523 836 3606 mancipari.

147 3636 198 3688 cnr·
211 3637 255 3678 cx.
335 3625 570 3710 sexagesimam
591 3625 746 3690 haeresim
772 3623 1045 3688 ¹Prcclinianistae
1070 3644 1089 3686 a
1113 3622 1257 3688 Proclino
1283 3622 1439 3688 fecerunt

272 3729 390 3796 Dicunt
403 3731 467 3810 isti,
483 3729 533 3793 dei
547 3727 647 3792 filium
662 3729 708 3792 sic
723 3728 864 3811 paruisse
879 3728 913 3790 in
926 3728 1030 3808 terris,
1044 3727 1126 3790 sicut
1136 3724 1330 3810 Rapbailem
1341 3747 1440 3810 ange·

273 3832 348 3914 lum,
363 3837 418 3896 aut
433 3829 621 3912 Gabrielem,
635 3851 699 3894 non
713 3848 807 3894 carne
822 3829 998 3914 adsumpta,
1012 3828 1069 3892 sed
1084 3831 1160 3894 visa.
1182 3827 1236 3894 Sic
1251 3849 1286 3892 se
1300 3831 1442 3894 miscent

273 3934 386 4020 populo
402 3933 464 4016 dei,
478 3939 514 3998 ut
528 3952 591 3997 non
605 3931 829 4015 intelligantur.
856 3931 999 4016 Denique
1015 3930 1223 4014 quianullum
1237 3930 1336 3996 alium
1351 3952 1439 3998 erro·

272 4058 340 4102 rem
355 4039 526 4123 patiuntur,
542 4036 774 4100 communicant
788 4034 969 4113 nobiscnm
989 4039 1021 4098 et
1034 4033 1094 4099 hoc
1109 4031 1255 4118 estquod
1270 4035 1362 4117 peius
1378 4041 1440 4118 est,

323 4189 348 4244 2.
362 4189 441 4242 [mino
452 4191 618 4258 Aeposto'nos.

324 4259 387 4327 Gap.
400 4257 487 4310 LVHI.
500 4287 532 4298 -
547 4258 568 4310 l.
580 4257 690 4309 limitato
702 4255 756 4308 MS.
770 4257 837 4324 Aoo.

325 4325 387 4396 Gap.
398 4325 468 4380 LIX.
479 4353 512 4366 ·-
527 4327 548 4378 l.
561 4325 656 4378 Psalm.
667 4323 762 4388 xvffl,
774 4323 798 4376 6.
1555 4297 1556 4358 i

324 4393 386 4463 Gap.
398 4393 454 4447 Lx.
466 4423 499 4434 -
514 4394 535 4446 1.
547 4393 717 4447 Proclianitao
730 4393 782 4461 (oet
791 4391 989 4458 Proclianistae)
1006 4390 1125 4446 aProclo
1141 4395 1184 4460 qui
1200 4391 1372 4444 rescriberent
1388 4409 1437 4444 rico

273 4463 411 4528 defuerunt.
441 4462 480 4530 Os.
496 4463 605 4530 domoc.
629 4463 660 4514 de
676 4461 786 4516 Haeo.
804 4477 862 4530 cop.
875 4459 918 4514 60.
935 4459 1043 4513 Pietas.
1061 4479 1119 4529 cup.
1130 4459 1171 4522 tt.
