3112 4986
548 267 587 308 DE
601 267 777 310 ΕΔΙΒΕΕΙΒΠΒ
790 267 882 310 LIBER.
1233 271 1294 338 221

130 422 334 508 postmodum
353 425 449 490 etiam
467 424 508 492 ab
528 425 606 510 ipsis
634 423 753 490 divisim
779 443 837 488 sua
861 423 1081 490 conventicula
1104 426 1295 510 propagavit.

131 524 219 590 Dicit
234 545 309 590 sane
324 527 419 594 etiam
439 529 506 614 ipse
526 529 646 592 animas
666 526 826 593 hominum
845 528 999 612 pessimas
1020 533 1091 613 post
1110 534 1244 594 mortem
1263 529 1297 592 in

132 627 303 694 daemones
318 627 427 696 ³uerti.

197 731 253 796 Est
268 733 421 817 quaedam
436 721 573 798 hae'resis
589 736 747 798 rusticana
761 737 793 798 iu
809 755 919 820 campo
936 741 1053 816 nostro,
1068 732 1100 798 id
1116 733 1295 820 estHippo·
1313 747 1364 800 coa
1381 745 1503 788 ΜΝ(

131 838 243 916 nansi,
262 835 312 900 vel
326 840 429 922 potius
444 837 517 922 init3
538 837 688 922 paulatim
703 839 789 902 enim
804 837 957 902 diminuta
971 839 1004 902 in
1019 857 1086 902 una
1097 839 1208 920 exigua
1222 837 1297 902 villa

132 945 341 1021 remanserat,
367 942 400 1004 in
427 961 488 1024 qua
507 940 634 1024 quidem
653 943 848 1026 paucissimi,
875 939 931 1006 sed
955 961 1063 1004 omues
1082 939 1141 1006 hoc
1161 941 1296 1004 fuerunt.

134 1041 196 1117 Qui
210 1061 318 1106 omnes
333 1042 425 1108 modo
448 1045 577 1108 correcti
599 1059 629 1108 et
646 1043 791 1110 catholici
812 1044 886 1120 iacti
901 1051 989 1126 suut,
1012 1064 1070 1108 nec
1085 1043 1198 1128 aliquis
1213 1043 1297 1108 illius
1365 1099 1373 1108 .

132 1145 313 1228 supersedit
328 1149 450 1211 erroris.
489 1146 652 1212 ¹Abolonii
666 1147 867 1226 vocabantur,
882 1146 1001 1212 Punica
1016 1145 1224 1212 declinatione
1240 1167 1297 1212 no·

132 1248 239 1310 minis.
275 1248 340 1313 Hos
355 1245 498 1314 nonnulli
514 1249 622 1314 dicunt
637 1270 675 1314 ex
690 1250 753 1316 filio
768 1249 856 1314 Adae
867 1249 970 1314 inisse.
980 1251 1168 1332 nominatos,
1183 1250 1236 1333 qni
1251 1253 1299 1318 est

133 1350 380 1431 vocatnsAbe13-
397 1352 480 1416 unde
496 1351 665 1418 Abelianos
686 1351 736 1416 vel
750 1351 911 1418 Abeloitas
928 1373 979 1418 cos
995 1373 1052 1418 nos
1068 1373 1234 1438 possumus
1249 1350 1298 1418 di·

135 1471 218 1518 cere.
254 1453 324 1520 Non
339 1455 551 1520 miscebantur
572 1456 737 1538 uxoribus,
760 1462 792 1520 et
811 1457 856 1520 eis
876 1461 982 1520 tamen
999 1459 1067 1522 siue
1086 1457 1235 1522 uxoribus
1250 1457 1323 1522 vi·l

133 1575 209 1620 vere
224 1563 328 1622 sectae
344 1560 442 1642 ipsius
465 1558 608 1640 dogmate
628 1581 691 1624 non
711 1558 835 1623 licebat.
871 1557 938 1624 blas
958 1579 1030 1641 ergo
1052 1565 1083 1624 et
1103 1559 1222 1626 femina
1240 1557 1298 1624 sub

135 1661 347 1724 continentiae
367 1662 558 1746 professione
582 1661 675 1728 simul
696 1661 874 1726 habitantes
890 1683 1021 1748 puerum
1036 1668 1068 1726 et
1080 1661 1219 1748 puellam
1238 1660 1299 1728 sihi

135 1761 329 1846 adoptabant
343 1766 377 1828 in
393 1764 533 1828 eiusdem
549 1767 776 1832 coniunctionis
795 1771 886 1850 pacto
909 1785 1105 1830 successores
1125 1787 1198 1832 suos
1213 1765 1298 1830 futu·

135 1885 205 1943 ros;
219 1872 317 1932 morte
332 1871 510 1952 praeventis
525 1868 699 1952 quibusque
722 1867 853 1950 singulis
868 1867 921 1932 alii
942 1867 1204 1952 subrogabantur,
1225 1867 1300 1934 dum

136 1972 243 2034 tamen
259 1967 319 2034 dno
336 1967 456 2034 dnobus
477 1971 611 2055 disparis
632 1991 724 2036 sexus
747 1971 780 2034 in
794 1970 878 2034 illius
900 1969 1009 2034 domus
1025 1973 1174 2036 societate
1190 1989 1298 2038 sucee-

138 2069 259 2134 derent.
295 2070 453 2138 Utrolibet
467 2075 582 2158 qnippe
597 2080 725 2159 parente
741 2073 898 2155 defuncto,
918 2093 980 2140 nno
995 2075 1180 2157 remanenti,
1200 2095 1299 2160 usque

136 2171 179 2238 ad
194 2176 260 2240 eins
276 2195 397 2259 quoque
414 2177 534 2240 obitum
549 2176 605 2240 filii
621 2175 809 2241 serviebant.
846 2177 921 2241 Post
943 2178 1030 2242 cuius
1052 2184 1186 2244 mortem
1205 2181 1300 2250 etiarn

136 2277 201 2362 ipsi
213 2297 344 2363 puerum
359 2284 392 2342 et
405 2279 542 2364 puellam
557 2279 699 2344 similiter
714 2278 915 2365 adoptabant.
950 2279 1015 2346 Nec
1031 2301 1169 2365 unquam
1184 2283 1230 2346 eis
1245 2281 1299 2348 de·

136 2379 199 2444 snit
211 2379 295 2444 nude
311 2381 511 2466 adoptarent,
530 2381 751 2465 generantibus
768 2384 1009 2466 circumquaque
1025 2386 1152 2467 vicinis,
1173 2391 1205 2449 ot
1219 2383 1299 2452 tilios

138 2501 212 2548 suos
227 2485 335 2568 inopes
351 2484 391 2548 ad
406 2505 495 2569 sporn
510 2484 710 2550 haereditatis
726 2485 845 2550 alienae
862 2485 996 2550 libenter
1015 2486 1172 2552 dantibus.

201 2585 440 2670 Pelagianorum
460 2594 508 2652 est
529 2587 587 2658 hoo
602 2594 741 2674 tompore
757 2590 896 2654 omnium
911 2591 1128 2654 recentissima
1142 2611 1161 2654 a
1174 2589 1299 2673 Pelagio
1319 2615 1370 2666 cap.
1383 2613 1517 2656 cxxxvnr.

137 2687 292 2755 monacho
308 2694 424 2756 exorta.
461 2691 560 2767 Quem
581 2693 765 2774 magistrum
786 2689 959 2756 Caelestius
980 2693 1024 2756 sic
1045 2698 1172 2758 secutus
1187 2699 1246 2775 est,
1266 2699 1302 2760 ut

138 2798 309 2858 sectatores
330 2813 436 2858 eorum
452 2793 640 2858 Caelestiani
662 2796 757 2860 etiam
777 2799 1006 2878 nuncupentur.
1042 2795 1084 2860 Hi
1104 2793 1154 2860 dei
1173 2797 1301 2878 gratiae,

138 2915 201 2980 qua
215 2895 439 2980 praedestinati
454 2917 561 2962 sumus
581 2899 613 2960 in
635 2896 834 2982 adoptionem
854 2897 989 2964 filiorum
1010 2917 1066 2984 per
1085 2898 1190 2962 Iesum
1210 2882 1324 2966 Chri·‘

138 2999 289 3064 stomun
309 3001 429 3084 ipsum,
449 3006 481 3064 et
501 3020 563 3084 qua
583 3001 720 3064 eruimur
739 3001 778 3064 de
798 3005 952 3085 potestate
973 2999 1192 3084 tenebrarum,
1210 3008 1246 3068 ut
1267 3005 1300 3068 in

139 3121 212 3166 eum
227 3101 390 3168 credamus
405 3109 497 3186 atque
513 3105 545 3166 in
561 3123 691 3186 rognum
705 3105 803 3188 ipsius
818 3101 1070 3185 ²transseramur,
1081 3110 1208 3192 propter
1219 3105 1302 3190 quod

139 3207 201 3288 ait,
219 3203 336 3270 3Νοιιιο
351 3207 438 3270 venit
452 3205 493 3270 ad
506 3225 572 3288 mc,
594 3208 656 3270 nisi
675 3205 770 3272 suerit
784 3208 813 3270 ei
828 3205 936 3271 datum
950 3227 969 3272 a
984 3213 1071 3291 patre
1086 3227 1173 3290 meo,
1195 3215 1227 3272 et
1242 3229 1303 3294 qua

140 3306 325 3372 diffirnditur
348 3310 460 3374 caritas
481 3311 513 3372 in
535 3307 682 3374 cordibus
701 3309 851 3390 ⁴nostris,
872 3315 906 3373 ut
928 3307 1005 3374 tides
1024 3331 1080 3395 per
1102 3310 1301 3380 dilectionem

139 3409 316 3498 ?operetur,
337 3413 370 3476 in
394 3417 516 3476 tautum
541 3413 662 3476 inimici
682 3419 771 3494 snut,
792 3419 827 3476 nt
847 3415 915 3478 sine
942 3411 998 3476 hac
1025 3433 1117 3498 posse
1143 3412 1301 3480 hominem

141 3511 272 3579 credant
291 3514 392 3580 iacere
413 3516 517 3578 omnia
537 3514 644 3578 divina
662 3514 825 3580 mandata:
852 3535 923 3578 cum
948 3517 975 3580 si
995 3515 1053 3580 hoc
1078 3536 1186 3582 verum
1207 3525 1301 3599 esset,

141 3615 258 3682 mustra
272 3615 417 3682 dominus
433 3615 549 3680 dixisse
564 3616 731 3698 videretur,
751 3617 845 3682 ‘Sine
859 3637 909 3682 me
923 3615 1004 3682 nihil
1023 3621 1155 3702 potestis
1172 3618 1300 3685 'facere

141 3717 283 3804 Denique
298 3717 441 3802 Pelagius
456 3740 475 3783 a
489 3719 636 3784 fratribus
652 3721 840 3809 increpatus,
856 3718 940 3804 qnod
953 3719 1032 3784 nihil
1047 3721 1198 3786 tribueret
1212 3721 1301 3788 adiu·

142 3823 221 3888 torio
242 3824 358 3905 gratiae
381 3823 431 3888 dei
451 3821 493 3887 ad
508 3825 574 3888 eins
589 3822 738 3890 mandata
751 3821 905 3904 facienda,
920 3826 1108 3909 correptioni
1123 3845 1230 3892 eorum
1245 3824 1300 3890 ha·

143 3931 254 3992 etenur
269 3928 380 4008 cessit,
398 3931 434 3990 ut
453 3946 516 3992 nou
531 3946 601 3992 eam
615 3925 714 3992 libero
729 3926 858 3992 arbitrio
873 3931 1091 4012 praeponeret,
1114 3926 1169 3992 sed
1183 3927 1303 3996 infideli

193 4146 217 4201 3.
229 4145 300 4200 Hinc
311 4165 410 4198 mrum
422 4151 575 4200 scommate
584 4149 811 4216 murres-iptorum
822 4151 970 4200 removimus
978 4147 1044 4216 quod
1054 4165 1140 4202 ereum
1136 4151 1214 4202 'libro'
1224 4153 1302 4205 udde·

145 4213 206 4268 tour
214 4221 312 4268 statum
325 4221 412 4267 autem
424 4217 526 4268 animae
538 4215 618 4268 eredit
647 4231 674 4266 er
685 4214 818 4268 traducem
829 4217 975 4288 propagari.
993 4215 1100 4284 (Bened.
1106 4221 1112 4286 )

211 4283 485 4354 nap.Lxxrm11.-
505 4285 527 4338 1.
539 4219 812 4337 IuMditrS-pfflbeloitee.
847 4283 962 4352 B.eued)

211 4351 501 4422 cap.uxxxvn1.-
531 4353 553 4408 1
571 4350 733 4422 Ephesbd.
785 4284 1302 4412 a.coloss.1l13.3.1oann.vl.ee.

145 4419 337 4476 1,..Βοιιι.115
393 4420 522 4476 cuum
535 4421 602 4476 (1.6
637 4418 769 4475 6.I.oann
781 4419 877 4476 ΧΗ
923 4419 1223 4544 ’1.Ιιιζ1επι9ιιο1188.
1217 4427 1306 4480 .deear

145 4505 203 4613 lauch
214 4505 239 4544 ιι
231 4489 401 4627 'hplqevprpqr
413 4495 490 4554 esset,
501 4489 597 4544 trustra
608 4489 729 4546 dominus
739 4489 839 4544 dixisse
848 4489 986 4555 videretur,
1017 4505 1060 4546 me
1069 4490 1183 4546 menihil
1194 4495 1303 4562 potestis

201 4575 235 4613 re.
340 4575 354 4611 e
