3100 4980
1208 283 1271 350 bib

103 445 215 560 «Ἥ
222 439 290 506 quod
299 439 337 492 od
346 439 477 492 emendum
489 439 530 492 uet
540 439 719 508 vivificandum
731 441 827 492 animet
836 455 935 510 σος-ραι.
952 436 1127 492 Tertullinus
1138 439 1171 494 de
1182 439 1271 494 enims

103 523 131 560 oe
152 546 159 558 .
1007 553 1011 560 .

133 524 257 628 pTertius
287 575 315 628 ui
325 575 358 628 sb
370 590 387 626 s
405 573 490 628 estole
502 574 631 628 inducitur
642 575 761 646 spiritus]
787 575 962 644 Hieronymus
975 574 1008 628 nd
1019 573 1157 628 IIedibinm
1169 581 1271 645 quaest.

102 643 162 698 XII.
176 643 254 714 epist.
267 590 318 698 dh.
330 643 376 696 fol.
387 591 446 696 bib.
463 644 523 696 Alii
540 646 666 712 triplicem
682 648 711 696 in
726 643 824 698 bomine
840 645 925 696 volunt
941 645 1076 713 affirmare
1091 643 1268 698 substantiam.

100 713 216 782 Spe'ritus
227 730 274 780 quo
284 717 416 776 sentimus,
434 715 537 764 animos
553 731 604 782 qua
615 716 735 778 vicimus,
753 715 869 782 corporis
885 731 931 780 quo
942 714 1095 774 incedimue,·
1112 720 1171 764 eunt
1185 717 1271 782 quies

101 785 192 832 anima
205 789 301 832 tantum
313 789 338 831 st
346 781 595 849 corporeeubeietere
607 779 728 833 bominem
738 783 894 844 disserentes,
906 784 1024 850 spiritum
1036 785 1062 832 in
1075 799 1103 834 eo
1113 783 1212 832 tertium
1222 798 1271 833 non

99 849 272 902 substantiam
284 850 364 902 veliunt
373 849 489 916 intelliqi,
501 851 548 902 sed
558 851 733 918 efficientiam,
747 867 798 919 per
814 867 889 920 quam
905 859 930 902 et
940 867 1008 900 mene
1020 851 1046 900 in
1058 849 1129 900 nobie
1140 859 1165 900 et
1174 865 1269 911 sensus,

100 927 125 968 et
137 919 270 984 coqitatio,
282 925 307 969 et
316 921 416 969 animus
428 919 605 986 appellantur.-
617 927 643 970 st
651 922 736 988 utique
748 935 796 970 non
807 917 1079 980 eunttotsubetantioe,
1092 927 1150 986 quot
1158 921 1268 971 nomina.

100 985 213 1056 Cumque
223 986 290 1038 illud
300 990 338 1038 eis
349 989 488 1056 oppositum
494 989 592 1054 fuerit.-
609 986 748 1040 benedicite
758 1005 772 1038 s
790 990 865 1038 tmen
876 989 1012 1040 stantunus
1024 989 1144 1038 iustorum
1157 987 1268 1038 minino:

98 1057 264 1124 sumpturam
276 1073 323 1106 neon
335 1057 475 1124 recipiunt,
492 1055 604 1108 dicentes
619 1074 677 1108 eam
693 1057 720 1107 in
737 1005 858 1108 hebroino
875 1073 924 1108 non
940 1053 1039 1108 baberi.
1069 1053 1125 1108 Noe
1142 1063 1225 1108 autem
1242 1057 1270 1106 in

96 1125 235 1194 praecem
244 1124 306 1185 loco,
318 1131 346 1174 ut
356 1141 436 1193 supro
448 1125 571 1187 dicimus,
588 1127 707 1194 spiritum
724 1127 768 1193 qui
784 1141 839 1176 cuin
851 1125 938 1174 anime
950 1131 975 1174 et
986 1141 1091 1192 corpore
1102 1125 1200 1190 inteqer
1211 1141 1270 1176 con-

98 1199 230 1254 servatur,
243 1209 293 1244 non
302 1191 470 1246 substantiam
479 1195 585 1261 spiritus
596 1195 689 1254 sancti,
702 1210 766 1261 quae
775 1199 913 1260 nonpotest
922 1193 1035 1254 interire,
1048 1193 1095 1244 esd
1101 1194 1205 1259 qnotias
1216 1194 1270 1244 eius

99 1261 298 1330 donationesque
311 1263 465 1382 q'qm'pimuer
478 1277 542 1330 quae
554 1269 642 1314 nostra
654 1257 696 1314 ret
706 1264 798 1316 uirtute
810 1261 850 1312 uel
861 1262 921 1312 nitio
938 1268 963 1312 et
979 1261 1154 1312 accenduntur
1161 1297 1170 1322 ‚
1187 1268 1213 1311 et
1229 1277 1269 1310 eor·

99 1332 122 1380 tr'
158 1331 290 1378 uunturin
302 1347 317 1378 n
349 1333 379 1384 is.

122 1347 350 1466 quanm.-
377 1393 502 1450 Libertsti
519 1395 630 1464 srbItrir]
658 1395 714 1450 Hoc
735 1401 813 1466 ceput
832 1396 965 1466 iomgrum
987 1395 1126 1476 exscripsil
1144 1393 1269 1450 Rnbsnus

97 1463 211 1520 Maurus
224 1464 256 1518 de
267 1481 344 1518 serm.
374 1465 478 1536 ropriet.
493 1465 538 1518 lib.
550 1464 593 1517 IV.
606 1481 627 1518 e.
638 1463 675 1519 X.
694 1469 720 1517 et
734 1461 901 1518 Bernhardns
919 1465 950 1516 de
966 1465 1082 1518 iuterion
1099 1464 1176 1518 domo
1192 1481 1215 1518 c.
1227 1463 1268 1519 69.

97 1533 147 1586 iol.
161 1531 236 1587 1093.
263 1535 345 1586 Antor
356 1482 389 1586 de
401 1533 493 1604 spiritu
505 1539 531 1586 et
542 1533 631 1586 enims
643 1549 666 1588 c.
677 1531 792 1587 XLVIII.
820 1533 951 1586 libertate¹
961 1535 1067 1586 arbitrii
1077 1535 1118 1584 sui
1126 1537 1270 1586 commissus

99 1611 141 1653 eet
151 1599 238 1656 bomo:
252 1611 385 1671 postquam
402 1620 461 1654 nero
479 1601 625 1671 deceptione
641 1605 764 1670 serpentis
779 1619 827 1670 per
838 1599 923 1654 Eoum
935 1603 1039 1664 cecidit,
1058 1611 1169 1653 naturae
1181 1602 1269 1654 bonum
1292 1641 1299 1652 .

92 1671 229 1741 perdidit,
242 1671 346 1739 pariter
362 1679 387 1722 et
402 1673 512 1738 eiqorsm
527 1671 647 1736 arbitrii:
665 1689 714 1722 non
731 1678 814 1722 tamen
830 1671 985 1732 electionem,
1005 1689 1035 1720 ne
1050 1688 1098 1720 non
1116 1679 1180 1722 esset
1190 1688 1268 1734 mum,

98 1739 171 1808 quod
182 1739 327 1790 emendaret
333 1747 478 1808 peccatum.
494 1738 678 1808 Manetitaque
690 1741 728 1790 ad
738 1740 909 1808 quaerendam
919 1739 1025 1790 sulutem
1038 1737 1144 1790 arbitrii
1155 1737 1269 1800 libertae,

97 1807 186 1869 idest,
197 1809 307 1860 ratlome
316 1807 440 1870 noluntas,
451 1807 498 1859 sed
506 1809 653 1860 admonente
659 1811 736 1876 prius
745 1808 791 1860 deo
801 1815 826 1859 et
832 1809 975 1876 inspirante
985 1807 1022 1858 od
1029 1808 1143 1860 salutem.
1167 1805 1200 1858 Ut
1209 1823 1269 1874 erqo

99 1893 136 1926 ae
171 1879 296 1928 iescumue
308 1876 422 1928 solutori
431 1879 610 1945 inspirationi,
628 1883 729 1928 nostroe
743 1879 878 1945 potestatis
895 1885 944 1926 eet:
960 1884 989 1926 ut
999 1876 1188 1944 adipiscamur,
1204 1875 1271 1944 quod

99 1893 219 2012 affluunt
230 1945 412 2006 desideramus,
424 1945 506 1996 divini
517 1955 553 1996 est
565 1947 686 2006 munerie,·
702 1952 731 1996 ut
746 1962 794 1996 non
811 1944 931 1996 labamur
949 1943 1040 2011 adepto
1056 1944 1149 1994 salectis
1161 1959 1268 2006 nnunere,

100 2020 207 2064 nostroe
220 2009 399 2064 sollicitudinis
410 2021 447 2064 eet
458 2021 483 2064 et
494 2013 611 2066 coelestis
624 2015 763 2066 adiutoriis
775 2021 804 2064 ut
814 2012 933 2064 labamur
940 2013 1076 2082 potestatis
1085 2020 1187 2062 nostroe
1199 2019 1236 2064 eet
1246 2020 1271 2064 et

99 2083 234 2160 iqnacioe.
250 2077 409 2132 Athanasius
421 2081 448 2134 in
462 2087 525 2136 oret.
539 2079 572 2132 sd
586 2079 689 2134 Gentes.
707 2079 802 2134 Hieron
875 2079 999 2132 adversm
1011 2077 1131 2132 haereses
1143 2077 1268 2132 lovinion.

98 2145 177 2228 hini
191 2163 248 2218 cup.
257 2146 289 2200 11.
306 2147 422 2202 Iustinus
434 2148 462 2200 in
474 2149 569 2218 dialog.
581 2165 642 2201 cum
654 2147 688 2200 Tr
724 2145 792 2202 hone
803 2095 907 2202 libies.
920 2147 1031 2228 f⁰¹·.⁹4⁷·
1045 2153 1071 2199 et
1082 2147 1140 2200 257.
1151 2147 1179 2200 in
1191 2163 1269 2228 quse·

99 2221 220 2296 stronet
228 2233 343 2286 respons.
354 2215 387 2268 ed
396 2213 533 2306 orthodor3
547 2215 678 2338 quaestV
717 2216 778 2270 ,soh
787 2215 846 2298 3103
863 2215 1039 2270 Tertullianus
1051 2215 1150 2296 adsere.
1160 2216 1269 2296 hIercro·

99 2301 165 2338 uem
176 2285 221 2340 hb.
234 2283 258 2340 2.
272 2300 328 2356 cap.
339 2283 368 2338 V.
380 2291 407 2338 et
420 2283 462 2339 II.
483 2285 551 2356 Eprp
570 2301 646 2338 surus
663 2289 754 2338 contro
767 2281 921 2338 Pharisaeos
938 2282 1038 2338 haeres.
1048 2281 1118 2336 XVI.
1142 2282 1268 2354 Origenes

99 2351 157 2421 eropi
169 2347 253 2422 ἆρχῶν
264 2353 310 2408 lib.
320 2351 339 2406 I.
351 2353 379 2406 in
388 2353 533 2424 proloquio.
546 2351 707 2407 Gaudentius
718 2358 793 2407 treet.
801 2351 861 2408 XII.
875 2351 906 2406 de
918 2353 1003 2406 verbis
1013 2351 1083 2404 Euan
1105 2353 1217 2406 sturno
1230 2353 1269 2406 in-

99 2422 200 2474 dicium
209 2427 248 2474 eet
256 2419 334 2474 huius
342 2421 434 2476 mundi
445 2429 493 2476 etc.
511 2419 648 2476 Nemeeius
660 2419 714 2491 usqi
745 2421 821 2482 ύοεως
833 2419 963 2489 ἀνθρώπου
975 2437 1032 2490 cap.
1042 2419 1095 2474 XX
1126 2419 1171 2474 IX.
1194 2419 1268 2474 Philo

98 2487 356 2612 iiphbinuodquuq
368 2491 538 2612 ilmppptsbilis
549 2492 590 2544 sit.
623 2491 707 2545 Autor
726 2439 758 2544 de
775 2490 901 2544 Inesrnst.
917 2489 990 2542 verbi
1006 2489 1075 2558 opud
1091 2489 1269 2560 AugustInum

128 2573 394 2697 ml’erdiddpiIgbrbm
405 2602 512 2692 arbitrii,
523 2645 577 2685 uon
588 2631 676 2682 tomen
689 2625 857 2748 elsmonsmq
870 2625 928 2681 Vid.
940 2625 1142 2696 Chrysostomus
1154 2626 1180 2680 in
1193 2626 1269 2696 epist.

98 2695 176 2749 Pauli
188 2695 221 2748 ed
233 2695 364 2749 Hebraeos
377 2713 406 2750 cs
427 2737 433 2751 .
445 2695 511 2750 VIII.
523 2695 612 2751 homil.
624 2695 694 2749 XVI.
717 2695 829 2749 Faustus
859 2695 965 2748 elibero
977 2695 1052 2748 arbit
1063 2695 1107 2748 Iib.
1119 2693 1140 2748 1.
1154 2711 1209 2765 csp.
1221 2693 1268 2748 IX.

98 2761 335 2844 Aenesetiueens
346 2765 373 2818 in
385 2714 563 2846 Theophrasto
574 2763 619 2820 iol.
632 2763 672 2818 78.
763 2832 768 2844 Ι
868 2831 874 2844 1

152 2831 259 2888 lustrum
268 2847 330 2904 ergo
340 2833 432 2886 saluto
441 2835 558 2900 nostrae]
569 2833 650 2886 Docte
661 2831 802 2902 Gregorius
810 2829 965 2886 Nsrrsnsen.
977 2837 1041 2884 oret
1050 2829 1151 2884 XXXI.
1160 2829 1269 2884 loI'lIb.

153 2899 227 2965 Ques
238 2907 381 2972 sequnntur
393 2903 478 2972 capite
489 2919 573 2972 usque
582 2901 615 2955 sd
626 2919 648 2954 c.
660 2899 712 2956 LII.
724 2901 752 2954 iu
763 2900 821 2956 MS.
834 2917 888 2954 nou
900 2905 1000 2954 extent.
1037 2899 1105 2952 Sunt
1121 2905 1208 2952 sutem
1225 2899 1268 2952 de·

101 2987 163 3024 enm
182 2975 210 3022 ts
226 2969 259 3024 sd
270 2971 379 3024 verbum
395 2987 429 3024 ex
447 2971 568 3024 decretali
585 2970 695 3042 epistola
707 2967 847 3023 coelestiui
858 2967 905 3022 ΡΡ.
917 2967 938 3022 I.
956 2969 989 3022 sd
1002 2967 1101 3022 Galliae
1117 2967 1230 3038 episcop.
1243 2973 1270 3022 st

101 3055 137 3092 ex
171 3037 249 3092 oncil.
260 3038 420 3103 Milesium,
433 3039 563 3104 Africano,
576 3045 602 3092 st
614 3039 773 3092 Arnusicsno
785 3035 817 3090 Il.
830 3043 860 3090 ut
871 3035 925 3090 suis
937 3037 1001 3092 locis
1014 3037 1171 3091 notavimus.

154 3105 217 3176 Cep.
229 3105 317 3162 XXII.
328 3137 362 3147 -
378 3107 538 3162 Firmissime
550 3105 717 3178 credendum]
735 3103 898 3160 Coelestiuns
910 3105 959 3160 ΡΡ.
969 3103 989 3161 I
1001 3105 1112 3176 epistole
1124 3105 1156 3158 nd
1169 3104 1269 3160 Galliae

100 3175 217 3246 episcop.
229 3179 292 3229 torn.
304 3173 324 3228 I.
336 3173 432 3230 Concil.
445 3193 467 3229 e.
479 3175 523 3228 lv.
534 3175 579 3228 iol.
591 3173 650 3230 523.

100 3312 119 3366 d
154 3241 370 3364 OstX'IIIa-
397 3243 534 3298 Neminem
546 3259 604 3298 esse
619 3260 665 3316 per
677 3244 847 3314 semetipsum
863 3241 973 3312 bonnm]
1002 3241 1164 3296 Goelestinns
1180 3241 1267 3296 run

119 3319 214 3366 scretis
225 3327 247 3366 e.
285 3351 291 3364 .
977 3349 980 3354 -

99 3447 143 3504 Pp
154 3377 219 3501 (Inepi
229 3379 328 3434 XXIV.
339 3411 379 3502 -v
381 3379 536 3502 1Neminem
548 3381 627 3436 etium
638 3381 803 3452 bsptismatis
814 3379 899 3451 gretie
910 3381 1075 3446 renovatum]
1105 3377 1267 3432 coelestium

144 3449 191 3502 .iu
220 3449 311 3502 scretis
324 3465 346 3502 c.
395 3491 401 3504 .

154 3515 219 3586 Cep.
231 3514 317 3570 XXV.
330 3546 364 3557 -
389 3517 464 3581 Quod
480 3535 556 3572 nemo
574 3519 626 3572 nisi
645 3535 692 3590 per
708 3515 838 3573 Christum
855 3518 936 3572 libero
954 3515 1020 3570 hene
1041 3521 1128 3570 utetur
1151 3516 1269 3584 arbitrio]

101 3585 268 3640 Coelsstinns
279 3585 328 3640 ΡΡ.
340 3586 367 3638 in
380 3586 489 3640 decretis
501 3603 523 3639 e.
536 3585 591 3642 VII.

153 3652 226 3707 Idem
237 3655 363 3723 magister
374 3656 401 3708 in
413 3655 522 3726 epIstoln
533 3655 567 3708 sd
578 3655 758 3708 Mileritsnum
770 3655 921 3722 concilium]
944 3653 1025 3710 Extat
1035 3652 1112 3708 huius
1124 3652 1269 3707 innocentii

100 3721 152 3798 131³.
163 3721 184 3778 I.
196 3723 270 3793 epist.
284 3723 316 3776 sd
327 3723 469 3776 Mileriten.
482 3723 574 3777 concil.
586 3729 649 3777 tom.
660 3725 680 3778 I
692 3724 784 3779 concil.
796 3721 842 3779 iol.
854 3723 913 3776 trs.

156 3789 218 3861 (inp.
230 3790 327 3844 XXVI.
340 3820 372 3830 —
396 3791 470 3854 Quod
482 3793 571 3846 omnin
582 3793 675 3857 studio,
687 3809 766 3863 opere
776 3809 806 3846 se
818 3793 923 3858 merite]
951 3789 1112 3844 Caelestinum
1124 3789 1172 3845 ΡΡ.
1185 3791 1213 3843 in
1225 3790 1267 3842 de·

102 3859 182 3912 crede
193 3876 215 3912 e.
227 3857 294 3912 VlII.
330 3859 421 3914 Petrus
434 3859 566 3914 Diaconos
578 3861 610 3914 do
622 3863 749 3916 iecerunt.
761 3867 787 3914 et
795 3862 881 3931 mede
891 3859 990 3914 domiui
1002 3877 1023 3913 c.
1037 3859 1104 3914 VIII.

154 3927 240 3997 Pspne
252 3925 349 3980 Zosimi
360 3929 487 3997 regularis
500 3929 638 3996 autoritas]
655 3930 724 3982 Haeo
737 3930 846 4000 epistole
857 3929 956 3982 ZosImi
968 3927 1055 3998 Pnpse
1072 3927 1141 3980 edite
1152 3927 1268 3982 noudum

102 4001 156 4059 est;
167 3995 332 4066 Augustinus
344 3997 446 4066 epistol.
461 3997 557 4052 CLVII.
570 3997 604 4050 ed
616 3997 637 4050 Ο
656 4003 740 4051 tetum
752 4000 831 4052 etism
841 3999 911 4052 illins
922 3997 1049 4050 meminit.

155 4061 218 4134 Cep.
229 4063 340 4117 XXVII.
352 4093 384 4104 -
409 4065 450 4118 its
461 4065 524 4118 deus
536 4067 563 4120 iu
575 4015 695 4120 cordrhus
706 4063 852 4136 hominnm]
881 4063 1044 4120 Coelestinns
1055 4063 1103 4118 ΡΡ.
1120 4066 1147 4118 iu
1159 4065 1268 4120 decretis

102 4150 126 4187 o.
138 4131 186 4186 IX
203 4131 294 4184 Petrus
306 4131 437 4186 Diaconos
450 4132 481 4186 ds
493 4135 618 4187 incarnat.
631 4133 729 4188 domini
742 4151 763 4188 e.
777 4133 842 4188 VIII.

155 4199 217 4272 Cep.
228 4199 351 4256 XXVIII.
363 4231 396 4243 -
417 4199 569 4273 Quicunque
580 4202 677 4256 dixerit
687 4203 798 4272 grutiem
809 4203 861 4270 der]
889 4201 986 4256 Concil.
998 4203 1178 4256 Milesitsnum
1191 4219 1212 4256 c.
1224 4201 1268 4258 III.

101 4269 215 4334 Placuit,
227 4275 403 4342 etquicunque
415 4273 511 4326 emeris
518 4275 634 4340 qratiam
646 4275 695 4336 dei,
706 4276 735 4324 in
745 4291 796 4342 qua
807 4274 975 4341 iustificantur
983 4289 1032 4341 per
1044 4271 1127 4325 Iesum
1141 4272 1268 4326 Cbristum

102 4339 230 4392 dmnineum
242 4349 359 4402 nonnum,
373 4341 409 4392 ad
419 4341 499 4392 solam
511 4343 680 4393 remissionem
687 4349 854 4410 peccatorum
866 4342 965 4404 ualere,
983 4359 1048 4410 quae
1065 4345 1118 4394 iam
1136 4345 1267 4394 commissa

102 4415 168 4470 eunt,
178 4425 227 4459 non
238 4411 314 4460 enam
327 4409 364 4460 ad
375 4409 542 4471 adiutorium,
554 4418 641 4462 utnon
653 4413 848 4472 committantur,
861 4408 998 4462 anathemo
1009 4413 1050 4464 eit.
1070 4409 1207 4464 Caelestin.
1218 4409 1267 4462 ΡΡ.

102 4475 280 4529 indensem
299 4475 350 4530 .X.
368 4474 468 4546 Corpus
481 4473 580 4531 (innon.
597 4482 663 4545 port.
673 4475 715 4529 III.
734 4493 765 4529 cs
785 4475 886 4532 ,CLIV
898 4475 1010 4533 distinct.
1020 4478 1063 4533 IV.
1081 4477 1113 4532 ds
1125 4483 1266 4534 consecret.

103 4541 270 4598 Burehnrdus
281 4492 483 4598 iVormnciensis
496 4545 633 4617 episeopus
646 4545 739 4600 decret.
751 4495 796 4602 lib.
807 4545 838 4601 11.
850 4562 906 4620 cap.
915 4543 1009 4604 XVIII.
