3120 4994
271 182 333 250 252
734 115 962 228 rmbossrrsarr

271 338 417 424 gaudium
438 339 535 406 faciat
555 351 637 406 unus
663 343 828 429 paenitens
850 363 945 428 quam
966 345 1137 428 nonaginta
1158 363 1271 411 novom
1293 347 1348 430 qui
1369 367 1433 412 non

243 519 248 534 .
271 449 488 531 peccaverunt.

114 559 253 612 vniam
336 547 595 630 Quadragesimus
616 553 648 614 et
666 568 767 614 nonus
787 548 1022 615 haeresiarches
1043 550 1153 616 ¹Arius
1173 555 1260 616 ortos
1280 555 1339 615 est
1374 549 1434 615 Hic

271 651 402 736 populos
414 648 564 716 ²hrianos
575 651 723 734 instituit,
738 654 792 737 qui
803 659 925 738 patrem
937 659 968 716 st
979 653 1078 718 lilium
1090 659 1122 718 et
1132 655 1278 740 spiritum
1289 659 1434 718 sanctum

271 753 382 820 nolunt
396 775 466 818 esse
481 757 573 819 unius
589 753 791 840 eiusdemque
806 739 1015 838 substantias,
1036 757 1091 821 sed
1112 777 1181 822 esse
1196 757 1296 822 tilium
1311 761 1432 820 creatu·

271 878 349 940 ram,
364 859 508 943 spiritum
523 878 596 922 vero
611 864 756 922 sanctum
770 865 946 924 ereaturam
960 865 1136 943 creaturae,
1157 859 1216 925 hoc
1237 866 1286 924 est
1306 860 1346 924 ab
1367 859 1433 942 ipso

272 960 335 1026 silio
351 966 491 1026 creatum
504 960 623 1026 uolunt.
645 959 700 1024 ⁸In
715 982 751 1026 eo
767 967 873 1027 autem
888 962 971 1046 quod
987 962 1146 1028 Christum
1160 966 1228 1028 sine
1244 965 1350 1026 anima
1365 983 1432 1028 car·

271 1085 345 1130 nam
356 1065 533 1150 suscepisse
544 1063 723 1148 arbitratur,
733 1064 927 1150 Epiphanius
938 1065 1085 1151 prodidit
1108 1065 1224 1130 Etideo
1232 1071 1357 1152 patrem
1366 1086 1432 1130 ma·

271 1169 369 1232 iorem
383 1167 441 1230 filii
455 1169 501 1230 sie
516 1166 603 1247 dicit,
619 1169 708 1251 quasi
724 1173 905 1251 creatorem,
921 1169 1063 1234 etlilium
1074 1171 1224 1234 maiorem
1235 1171 1349 1254 spiritu
1361 1189 1432 1232 san·

179 1333 181 1336 .
272 1275 333 1352 oto,
349 1272 438 1353 qnasi
454 1276 625 1334 creatorem
640 1271 716 1335 eius.
739 1269 879 1352 Nostros,
895 1271 928 1336 id
943 1277 991 1335 est
1006 1271 1187 1352 catholicos,
1203 1271 1243 1336 ad
1255 1292 1289 1336 sa
1304 1274 1433 1336 venien·

272 1379 320 1437 tes
336 1372 547 1456 rebaptizaut3
568 1379 673 1438 utrum
687 1373 746 1438 hoe
767 1375 863 1437 etiam
877 1374 963 1456 aliis,
982 1373 1015 1438 id
1036 1381 1085 1438 ost
1104 1394 1169 1438 non
1189 1373 1370 1455 catholicis,
1388 1375 1433 1439 fa·

273 1477 367 1558 ciant,
382 1495 536 1559 nusquam
551 1475 672 1558 legitur.
695 1476 818 1540 Primus
834 1477 1013 1541 contrahes
1029 1479 1169 1562 suscepit
1178 1482 1310 1541 sanctus
1321 1477 1433 1542 Hesio·

274 1577 331 1642 dus
347 1580 511 1664 opiscopus
527 1578 772 1660 Corinthiorum,
792 1580 840 1643 vir
861 1583 915 1663 qui
930 1581 1025 1644 etiam
1039 1587 1177 1645 mortuos
1193 1582 1364 1644 suscitasse
1380 1578 1434 1644 ad-

273 1683 395 1746 saritur.
431 1681 522 1748 Unde
536 1681 718 1745 factumest
732 1681 851 1766 utplus
867 1684 1067 1746 sanctitatem
1081 1703 1176 1766 quam
1191 1682 1437 1768 disputationem

273 1783 479 1850 adtendentes
494 1785 637 1850 homines
651 1783 781 1850 ⁴Arium
795 1790 1024 1849 execrarentur.
1062 1785 1224 1869 Siquidem
1238 1787 1305 1849 aius
1321 1787 1436 1850 oratio·
1549 1867 1550 1874 ἵ

273 1889 365 1954 nibus
380 1889 536 1954 adseritur
551 1890 618 1973 ipse
633 1887 746 1952 ⁵Arius
762 1890 796 1951 in
811 1908 971 1953 secessum
986 1887 1098 1952 sedans
1115 1891 1262 1954 universa
1276 1887 1373 1952 simul
1386 1891 1436 1952 in·
1549 1875 1550 1932 3

274 1997 401 2056 teranea
416 2013 488 2056 eum
503 1991 691 2056 stereoribus
706 1990 892 2076 profudisse.
928 1991 996 2056 Iam
1017 1997 1125 2056 eontra
1144 1997 1262 2057 sectam
1284 1993 1352 2056 eius
1372 1997 1438 2056 tam

274 2093 440 2160 orientales
456 2115 550 2180 quam
569 2095 663 2158 etiam
685 2093 895 2158 occidentales
915 2097 1054 2180 episcopi
1075 2097 1278 2180 scripserunt
1316 2093 1438 2172 Quibus
1477 2157 1480 2164 .

274 2221 345 2264 eum
360 2219 417 2284 per
425 2197 548 2281 singula
556 2199 659 2282 capita
666 2195 847 2281 dogmatum
854 2217 982 2262 suornm
993 2196 1143 2262 adserunt
1157 2198 1438 2284 blasphemantem.

168 2308 218 2360 ουν·
231 2306 258 2349 h·
338 2303 616 2385 Quinquagesimos
632 2299 806 2365 ¹Vadianos
828 2305 981 2364 memorat
994 2299 1204 2385 Epiphanius,
1223 2321 1287 2365 non
1307 2300 1437 2386 quidem
1549 2329 1550 2408 q

273 2407 457 2486 haereticos,
473 2403 528 2468 sed
543 2403 769 2480 schismaticos.
794 2404 877 2480 Quos
892 2403 946 2468 alii
960 2403 1296 2490 Anthropomorphitas
1312 2409 1439 2486 vocant,
1549 2415 1550 2488 }

273 2513 421 2596 quoniam
436 2507 530 2572 deum
544 2507 604 2570 sibi
620 2507 742 2588 fingunt
756 2507 942 2589 cogitatione
959 2505 1076 2571 carnali
1091 2509 1124 2570 in
1140 2507 1346 2572 similitudine
1358 2509 1438 2572 ima-
1549 2519 1550 2548 ³

273 2615 355 2697 ginis
371 2609 580 2696 corruptibilis
596 2609 749 2690 hominis,
770 2608 928 2692 dicentes,
948 2607 1064 2674 2Οοιιῖὶ
1085 2611 1206 2674 donnini
1217 2632 1313 2696 saper
1327 2613 1438 2676 iactos.

274 2715 403 2784 ³Coclos
419 2737 516 2802 opero
531 2715 702 2800 dipitorum
717 2711 782 2788 dea
797 2717 839 2794 et,
854 2711 960 2777 ⁴Deas
974 2713 1058 2778 sedet
1070 2735 1166 2799 sape-r
1179 2713 1281 2778 sedem
1294 2725 1440 2778 coactam

274 2841 382 2896 aaam,·
398 2825 440 2900 et,
453 2817 559 2882 '⁵Deus
573 2818 656 2881 stetit
668 2817 703 2880 s‘a
715 2838 879 2901 aynapopa
894 2817 1032 2898 deorum,
1048 2821 1079 2879 et
1094 2822 1198 2880 cetera
1211 2837 1290 2900 quae
1305 2823 1441 2900 possunt

276 2921 313 2987 de
330 2921 446 2987 visibili
462 2923 600 3004 eogitari.
638 2920 717 2997 Quia
737 2939 808 3002 ergo
829 2921 863 2982 in
877 2919 962 2984 nullo
978 2919 1037 2984 alio
1054 2925 1174 3001 errant,
1194 2919 1319 2983 ⁶mitius
1335 2921 1371 2984 in
1386 2941 1439 2986 eos

275 3047 370 3108 agens
385 3024 578 3110 Epiphanius
599 3021 700 3086 uoluit
712 3022 887 3086 haereticos
908 3025 1086 3104 nominare,
1108 3022 1186 3086 dans
1201 3023 1327 3087 veniam
1342 3025 1439 3088 rusti·

186 3167 191 3180 ,
276 3130 373 3194 citati.
396 3125 485 3205 Quod
499 3131 605 3190 autem
616 3125 707 3189 nobis
719 3145 783 3190 non
795 3127 1038 3206 communicant,
1053 3123 1302 3190 divitiashabere
1314 3133 1440 3192 nostros

231 3227 232 3232 ’
276 3233 440 3318 episcopos
461 3229 615 3310 clamant,
637 3247 714 3311 quas
731 3227 872 3292 Christus
894 3231 989 3293 etiam
1007 3228 1103 3293 laicos
1123 3234 1321 3294 contemnere
1342 3229 1440 3296 iubet.

275 3333 396 3402 Pascha
418 3353 490 3398 cum
512 3331 635 3396 Iudaeis
656 3330 824 3396 celebrant.
861 3330 932 3414 Egit
951 3337 1060 3396 contra
1080 3331 1137 3396 hos
1159 3329 1266 3396 Zenon
1288 3331 1440 3416 Syrorum

276 3441 449 3524 episcopua.

158 3558 208 3612 css
221 3558 258 3600 ur.
340 3540 604 3624 Quinquagesima
623 3539 725 3622 prima
745 3537 884 3604 haeresis
906 3537 1185 3620 Eunomianomm,
1212 3537 1252 3601 ab
1274 3535 1439 3604 Eunomia.

276 3645 316 3710 Hi
331 3641 486 3729 serpentis
502 3643 623 3724 antiqui
639 3643 751 3726 spiritu
771 3639 857 3726 pleni
876 3661 941 3706 nou
962 3641 1062 3706 solum
1080 3643 1233 3704 minorem
1248 3639 1365 3724 lilium,
1384 3641 1439 3706 sed

276 3767 334 3813 nee
350 3745 462 3812 similis
478 3747 633 3809 essentiae
649 3765 717 3810 esse
733 3744 833 3810 lilium
847 3743 1043 3810 adseverant.
1081 3743 1151 3826 Egit
1165 3743 1346 3809 contrahes
1361 3745 1438 3810 Am·

275 3853 399 3917 menius
413 3847 586 3936 presbyter.

328 4069 392 4141 Gap.
402 4068 498 4122 XLIX.
511 4099 545 4110 -
561 4067 582 4124 l.
595 4069 685 4122 Arrius
698 4069 755 4123 edd.
768 4067 844 4124 Sirra.
862 4069 985 4121 Gallond.
1041 4065 1065 4121 2.
1079 4066 1202 4120 Arrianos
1216 4067 1273 4121 edd.
1285 4065 1363 4121 Sir-nr.
1378 4067 1440 4120 Ga!-

278 4141 349 4192 Iaud.
376 4139 595 4192 ltaomnesliori.
652 4137 1090 4206 3.lueo,t.c.insp2·rtassanetc.
1141 4135 1439 4190 cluniancensem

281 4209 403 4262 Galluud.
456 4206 479 4258 5.
492 4207 581 4260 Arrius
595 4207 651 4261 edd.
663 4206 738 4261 δίνην.
754 4207 877 4259 Gallacd.

329 4275 366 4330 Ca
386 4275 432 4328 .L.
444 4305 477 4314 -
501 4277 523 4328 l.
535 4275 666 4328 Vadiauos
680 4295 737 4343 epo,
755 4293 785 4326 ec
797 4277 948 4342 Aspostico.
967 4271 1108 4325 Valdianos
1124 4271 1198 4327 Mas,
1217 4273 1285 4340 Auq.
1303 4271 1374 4324 Rem.
1387 4272 1440 4326 Da·

279 4363 346 4399 aeus.
359 4293 649 4398 budianossddssirm.
666 4346 735 4398 Gaii.
796 4343 820 4396 2.
832 4341 929 4395 Psalm.
940 4339 1067 4406 XXXIII,
1082 4340 1121 4394 16.
1181 4341 1205 4394 3.
1216 4341 1313 4396 Psalm.
1325 4340 1398 4407 vm,
1416 4341 1439 4394 4.

279 4413 303 4466 4.
315 4413 410 4466 Psalm.
421 4411 513 4474 XLVI,
527 4412 550 4466 9.
602 4411 626 4465 5.
638 4411 733 4467 Psalm.
747 4410 870 4477 amr,
885 4412 906 4464 1.
959 4409 1438 4479 a.notiusinsosr1ssa9.miom

280 4495 324 4534 aba
339 4483 396 4535 edd.
407 4479 484 4534 Sirm.
501 4481 568 4532 oali.
