3112 4986
1209 277 1267 342 191

104 433 167 497 rias
182 434 278 498 etiam
294 431 474 518 ²opiniones
488 431 695 515 adiungerent
709 433 849 516 ritusque
865 429 1074 496 subiicerent:
1089 437 1157 496 tum
1177 431 1267 498 deni·

105 555 164 620 que
180 557 259 622 opus
273 535 352 600 illud
366 537 528 620 utriusque
544 535 759 620 qualecunque
774 535 832 616 sit,
850 555 914 600 non
932 535 1028 600 habet
1042 535 1184 600 fortassis
1199 555 1268 600 eam

105 659 199 722 quam
214 637 356 704 desidero
372 638 567 703 brevitatem.
603 637 731 702 Frustra
750 639 846 701 etiam
863 637 983 702 homini
1003 640 1056 722 qni
1074 637 1186 721 Latina
1204 657 1268 703 non

106 741 218 806 didicit
226 743 344 806 Graeca
353 741 501 806 facundia
509 739 683 824 delegatum
699 742 850 824 quianon
865 759 921 822 ego
935 739 1150 806 tantummodo
1162 743 1267 805 oonsi-

103 841 193 925 lium,
208 842 264 908 sed
279 851 311 908 et
325 843 476 908 auxilium
490 843 656 928 postulavi.
680 843 760 920 Quid
772 848 876 908 autem
887 845 1120 909 venerationem
1130 849 1218 907 tuam
1229 842 1267 906 de

105 947 310 1031 interpretum
329 961 394 1012 non
413 945 515 1012 solum
536 945 737 1028 difficultate,
759 945 930 1010 sedetiam
951 945 1140 1010 obscuritate
1159 945 1267 1010 admo-
1324 956 1327 964 ’

105 1069 210 1132 neam,
224 1070 295 1114 oum
310 1052 377 1134 ipse
392 1049 451 1114 hoc
465 1051 565 1132 magis
580 1071 616 1114 ao
631 1047 723 1134 plene
740 1045 912 1112 diiudices?
941 1047 1073 1112 Accedit
1088 1048 1127 1112 ad
1143 1068 1269 1112 oausam

107 1151 189 1235 qnod
205 1151 373 1217 nonnullae
388 1153 483 1216 etiam
498 1157 570 1237 post
584 1151 709 1216 illomm
725 1150 844 1215 obitum
858 1151 1005 1216 haereses
1026 1153 1192 1216 emersisse
1213 1151 1268 1216 do-

108 1261 246 1338 ceantur,
261 1275 392 1338 qnorum
406 1253 527 1320 nullom
541 1253 588 1319 illi
603 1255 738 1320 iecerint
750 1255 951 1318 mentionem.

170 1357 380 1435 Quamobrem
400 1357 440 1422 ad
459 1357 615 1442 peculiare
641 1358 851 1442 patrocinium
871 1358 999 1442 pietatis
1020 1362 1092 1420 tuoe
1116 1357 1270 1440 confugio,

108 1466 229 1525 atroce
244 1481 329 1541 mea,
349 1459 405 1524 scd
419 1459 589 1525 universali
609 1459 778 1542 desiderio,
799 1465 943 1545 paratum
963 1459 1004 1532 ad
1023 1457 1270 1525 misericordiam

108 1569 341 1628 sacrosanctum
355 1564 482 1647 pictatis
496 1569 608 1648 pectus
624 1560 763 1649 appello,
778 1565 982 1646 sequestratis
998 1562 1163 1648 saporibus
1179 1581 1269 1648 pere-

108 1668 216 1748 grinis,
232 1665 427 1730 considerato
441 1671 530 1732 textu
545 1667 657 1751 prioris
670 1664 830 1750 epistolae,
844 1685 958 1750 panem
969 1666 1092 1748 Afrum,
1108 1685 1200 1749 quem
1213 1685 1269 1730 no·

109 1774 173 1831 atra
187 1769 349 1852 provincia
363 1767 442 1832 solet
455 1767 570 1834 habere
586 1769 798 1854 praecipuum,
813 1767 939 1832 caelesti
954 1769 1048 1847 etiam
1063 1789 1180 1832 manna
1195 1787 1270 1832 cou-

110 1869 219 1952 ditnm,
234 1891 303 1936 sero
318 1870 457 1956 pulsanti
473 1877 505 1934 ot
518 1871 634 1936 lamam
645 1873 777 1958 patienti
789 1891 854 1948 non
866 1869 1010 1954 deneges.
1032 1871 1175 1936 Profecto
1187 1873 1271 1934 enim

109 1993 166 2036 nec
182 1993 238 2055 ego
254 1973 378 2058 pulsare
394 1973 535 2056 cessabo,
550 1973 648 2039 donec
664 1976 732 2060 ipse
748 1974 914 2038 concedas:
935 1979 972 2038 ut
994 1973 1077 2058 quod
1092 1993 1155 2046 non
1170 1975 1270 2058 impe-

110 2080 170 2138 trot
183 2075 392 2160 privilegium,
405 2076 460 2141 ubi
475 2076 596 2144 nullum
611 2083 660 2142 est
674 2079 836 2160 meritum,
856 2076 966 2142 saltem
981 2075 1139 2142 indefessa
1153 2078 1270 2160 impor-

110 2180 227 2244 tunitas
242 2184 406 2244 mereatur.

160 2364 184 2417 2.
196 2363 271 2420 MSS.
285 2367 333 2418 duo
345 2367 536 2436 responsiones.
572 2365 693 2438 (Benaci.)
